category_1,Brand,Name,Price,Rank,Ingredients,Combination,Dry,Normal,Oily,Sensitive,product_name_std,brand_name_std,product_type_std,match_key,clean_product,n_of_reviews,n_of_loves,review_score,size,category_2,price_per_ounce,return_on_reviews,reviews_to_loves_ratio,processed_ingredients,clean_product_sephora,n_of_reviews_sephora,n_of_loves_sephora,review_score_sephora,size_sephora,category_sephora,price_per_ounce_sephora,return_on_reviews_sephora,reviews_to_loves_ratio_sephora,category,n_of_loves_bin
Moisturizer,LA MER,Crème de la Mer,175,4.1,"Algae (Seaweed) Extract, Mineral Oil, Petrolatum, Glycerin, Isohexadecane, Microcrystalline Wax, Lanolin Alcohol, Citrus Aurantifolia (Lime) Extract, Sesamum Indicum (Sesame) Seed Oil, Eucalyptus Globulus (Eucalyptus) Leaf Oil, Sesamum Indicum (Sesame) Seed Powder, Medicago Sativa (Alfalfa) Seed Powder, Helianthus Annuus (Sunflower) Seedcake, Prunus Amygdalus Dulcis (Sweet Almond) Seed Meal, Sodium Gluconate, Copper Gluconate, Calcium Gluconate, Magnesium Gluconate, Zinc Gluconate, Magnesium Sulfate, Paraffin, Tocopheryl Succinate, Niacin, Water, Beta-Carotene, Decyl Oleate, Aluminum Distearate, Octyldodecanol, Citric Acid, Cyanocobalamin, Magnesium Stearate, Panthenol, Limonene, Geraniol, Linalool, Hydroxycitronellal, Citronellol, Benzyl Salicylate, Citral, Sodium Benzoate, Alcohol Denat., Fragrance.",1,1,1,1,1,crème_de_la_mer,la_mer,moisturizer,la_mer_crème_de_la_mer,,,,,,,,,,"Algae (Seaweed) Extract;Mineral Oil;Petrolatum;Glycerin;Isohexadecane;Microcrystalline Wax;Lanolin Alcohol;Citrus Aurantifolia (Lime) Extract;Sesamum Indicum (Sesame) Seed Oil;Eucalyptus Globulus (Eucalyptus) Leaf Oil;Sesamum Indicum (Sesame) Seed Powder;Medicago Sativa (Alfalfa) Seed Powder;Helianthus Annuus (Sunflower) Seedcake;Prunus Amygdalus Dulcis (Sweet Almond) Seed Meal;Sodium Gluconate;Copper Gluconate;Calcium Gluconate;Magnesium Gluconate;Zinc Gluconate;Magnesium Sulfate;Paraffin;Tocopheryl Succinate;Niacin;Beta-Carotene;Decyl Oleate;Aluminum Distearate;Octyldodecanol;Citric Acid;Cyanocobalamin;Magnesium Stearate;Panthenol;Limonene;Geraniol;Linalool;Hydroxycitronellal;Citronellol;Benzyl Salicylate;Citral;Sodium Benzoate;Alcohol Denat,;Fragrance,",0.0,493.0,61648.0,4.0974,1.0,Moisturizers,175.0,0.83,0.8,moisturizer,nan
Moisturizer,SK-II,Facial Treatment Essence,179,4.1,"Galactomyces Ferment Filtrate (Pitera), Butylene Glycol, Pentylene Glycol, Water, Sodium Benzoate, Methylparaben, Sorbic Acid.",1,1,1,1,1,facial_treatment_essence,sk_ii,moisturizer,sk_ii_facial_treatment_essence,0.0,788.0,68880.0,4.0622,,Moisturizers,,0.52,1.14,"Galactomyces Ferment Filtrate (Pitera);Butylene Glycol;Pentylene Glycol;Sodium Benzoate;Methylparaben;Sorbic Acid,",0.0,788.0,68880.0,4.0622,,Moisturizers,,0.52,1.14,moisturizer,Very High (26k - 193k)
Moisturizer,DRUNK ELEPHANT,Protini™ Polypeptide Cream,68,4.4,"Water, Dicaprylyl Carbonate, Glycerin, Cetearyl Alcohol, Cetearyl Olivate, Sorbitan Olivate, Sclerocarya Birrea Seed Oil, Bacillus/Soybean/ Folic Acid Ferment Extract, Nymphaea Alba Root Extract, sh-Oligopeptide-1, sh-Oligopeptide-2, sh-Polypeptide-1, sh-Polypeptide-9, sh-Polypeptide-11, Copper Palmitoyl Heptapeptide-14, Heptapeptide-15 Palmitate, Palmitoyl Tetrapeptide-7, Palmitoyl Tripeptide-1, Alanine, Arginine, Glycine, Histidine, Isoleucine, Phenylalanine, Proline, Serine, Threonine, Valine, Acetyl Glutamine, Coconut Alkanes , Coco-Caprylate/Caprate, Sodium Hyaluronate, Aspartic Acid, Linoleic Acid, Linolenic Acid, Lecithin, Butylene Glycol, Polyvinyl Alcohol, Sodium Lactate, Sodium PCA, PCA, Sorbitan Isostearate, Carbomer, Polysorbate 20, Polysorbate 60, Lactic Acid/Glycolic Acid Copolymer, Hydroxyethyl Acrylate/Sodium Acryloyldimethyl Taurate Copolymer, Xanthan Gum, Isomalt, 1,2-Hexanediol, Caprylyl Glycol, Chlorphenesin, Phenoxyethanol, Tocopherol, Sodium Benzoate, Phenylpropanol, Glyceryl Caprylate, Symphytum Officinale Callus Culture Extract.",1,1,1,1,0,protini_polypeptide_cream,drunk_elephant,moisturizer,drunk_elephant_protini_polypeptide_cream,,,,,,,,,,"Dicaprylyl Carbonate;Glycerin;Cetearyl Alcohol;Cetearyl Olivate;Sorbitan Olivate;Sclerocarya Birrea Seed Oil;Bacillus/Soybean/ Folic Acid Ferment Extract;Nymphaea Alba Root Extract;sh-Oligopeptide-1;sh-Oligopeptide-2;sh-Polypeptide-1;sh-Polypeptide-9;sh-Polypeptide-11;Copper Palmitoyl Heptapeptide-14;Heptapeptide-15 Palmitate;Palmitoyl Tetrapeptide-7;Palmitoyl Tripeptide-1;Alanine;Arginine;Glycine;Histidine;Isoleucine;Phenylalanine;Proline;Serine;Threonine;Valine;Acetyl Glutamine;Coconut Alkanes;Coco-Caprylate/Caprate;Sodium Hyaluronate;Aspartic Acid;Linoleic Acid;Linolenic Acid;Lecithin;Butylene Glycol;Polyvinyl Alcohol;Sodium Lactate;Sodium PCA;PCA;Sorbitan Isostearate;Carbomer;Polysorbate 20;Polysorbate 60;Lactic Acid/Glycolic Acid Copolymer;Hydroxyethyl Acrylate/Sodium Acryloyldimethyl Taurate Copolymer;Xanthan Gum;Isomalt;1,2-Hexanediol;Caprylyl Glycol;Chlorphenesin;Phenoxyethanol;Tocopherol;Sodium Benzoate;Phenylpropanol;Glyceryl Caprylate;Symphytum Officinale Callus Culture Extract,",,,,,,,,,,moisturizer,nan
Moisturizer,LA MER,The Moisturizing Soft Cream,175,3.8,"Algae (Seaweed) Extract, Cyclopentasiloxane, Petrolatum, Glyceryl Distearate, Phenyl Trimethicone, Butylene Glycol, Hydrogenated Vegetable Oil, Cholesterol, Butyrospermum Parkii (Shea Butter), Steareth-10, Dimethicone, Glyceryl Stearate Se, Polysilicone-11, Sesamum Indicum (Sesame) Seed Oil, Medicago Sativa (Alfalfa) Seed Powder, Helianthus Annuus (Sunflower) Seedcake, Prunus Amygdalus Dulcis (Sweet Almond) Seed Meal, Eucalyptus Globulus (Eucalyptus) Leaf Oil, Sodium Gluconate, Copper Gluconate, Calcium Gluconate, Magnesium Gluconate, Zinc Gluconate, Tocopheryl Succinate, Niacin, Sesamum Indicum (Sesame) Seed Powder, Water, Citrus Aurantifolia (Lime) Peel Extract, Laminaria Digitata Extract, Crithmum Maritimum Extract, Salicornia Herbacea Extract, Plankton Extract, Chlorella Vulgaris Extract, Glycine Soja (Soybean) Seed Extract, Glycerin, Caffeine, Sea Salt/Maris Sal/Sel Marin, Micrococcus Lysate, Diethylhexyl Succinate, Adenosine Phosphate, Creatine, Hydrolyzed Algin, Isocetyl Stearoyl Stearate, Cetyl Alcohol, Sucrose, Acetyl Hexapeptide-8, Glucose Oxidase, Polyacrylamide, Acetyl Carnitine Hcl, Glucose, Caprylic/Capric Triglyceride, C13-14 Isoparaffin, Tocopheryl Acetate, Tetrahexyldecyl Ascorbate, Sodium Pca, Glycosaminoglycans, Urea, Distearyldimonium Chloride, Dipalmitoyl Hydroxyproline, Sodium Hyaluronate, Laureth-7, Lecithin, Trehalose, Polyquaternium-51, Lactoperoxidase, Hydroxypropyl Cyclodextrin, Cyanocobalamin, Pentylene Glycol, Fragrance, Disodium Edta, Bht, Citronellol, Hydroxycitronellal, Geraniol, Linalool, Limonene, Potassium Sorbate, Phenoxyethanol",1,1,1,1,1,the_moisturizing_soft_cream,la_mer,moisturizer,la_mer_the_moisturizing_soft_cream,0.0,179.0,21388.0,3.8436,1.0,Moisturizers,175.0,2.15,0.84,Algae (Seaweed) Extract;Cyclopentasiloxane;Petrolatum;Glyceryl Distearate;Phenyl Trimethicone;Butylene Glycol;Hydrogenated Vegetable Oil;Cholesterol;Butyrospermum Parkii (Shea Butter);Steareth-10;Dimethicone;Glyceryl Stearate Se;Polysilicone-11;Sesamum Indicum (Sesame) Seed Oil;Medicago Sativa (Alfalfa) Seed Powder;Helianthus Annuus (Sunflower) Seedcake;Prunus Amygdalus Dulcis (Sweet Almond) Seed Meal;Eucalyptus Globulus (Eucalyptus) Leaf Oil;Sodium Gluconate;Copper Gluconate;Calcium Gluconate;Magnesium Gluconate;Zinc Gluconate;Tocopheryl Succinate;Niacin;Sesamum Indicum (Sesame) Seed Powder;Citrus Aurantifolia (Lime) Peel Extract;Laminaria Digitata Extract;Crithmum Maritimum Extract;Salicornia Herbacea Extract;Plankton Extract;Chlorella Vulgaris Extract;Glycine Soja (Soybean) Seed Extract;Glycerin;Caffeine;Sea Salt/Maris Sal/Sel Marin;Micrococcus Lysate;Diethylhexyl Succinate;Adenosine Phosphate;Creatine;Hydrolyzed Algin;Isocetyl Stearoyl Stearate;Cetyl Alcohol;Sucrose;Acetyl Hexapeptide-8;Glucose Oxidase;Polyacrylamide;Acetyl Carnitine Hcl;Glucose;Caprylic/Capric Triglyceride;C13-14 Isoparaffin;Tocopheryl Acetate;Tetrahexyldecyl Ascorbate;Sodium Pca;Glycosaminoglycans;Urea;Distearyldimonium Chloride;Dipalmitoyl Hydroxyproline;Sodium Hyaluronate;Laureth-7;Lecithin;Trehalose;Polyquaternium-51;Lactoperoxidase;Hydroxypropyl Cyclodextrin;Cyanocobalamin;Pentylene Glycol;Fragrance;Disodium Edta;Bht;Citronellol;Hydroxycitronellal;Geraniol;Linalool;Limonene;Potassium Sorbate;Phenoxyethanol,0.0,179.0,21388.0,3.8436,1.0,Moisturizers,175.0,2.15,0.84,moisturizer,High (13k - 26k)
Moisturizer,IT COSMETICS,Your Skin But Better™ CC+™ Cream with SPF 50+,38,4.1,"Water, Snail Secretion Filtrate, Phenyl Trimethicone, Dimethicone, Butylene Glycol, Butylene Glycol Dicaprylate/Dicaprate, Orbignya Oleifera Seed Oil, Butyloctyl Salicylate, Cetyl Peg/Ppg-10/1 Dimethicone, Cyclopentasiloxane, Cyclohexasiloxane, Magnesium Sulfate, Polyglyceryl-4 Isostearate, Dimethicone/Vinyl Dimethicone Crosspolymer, Aluminum Hydroxide, Hexyl Laurate, Stearic Acid, Calcium Stearate, Caprylyl Glycol, Triethoxycaprylylsilane, Ethylhexylglycerin, Citrus Medica Limonum (Lemon) Peel Oil, Tocopheryl Acetate, Sorbitan Isostearate, Phenoxyethanol, Citrus Aurantium Bergamia (Bergamot) Fruit Oil, 1,2-Hexanediol, Disodium Edta, Citrus Aurantium Dulcis (Orange) Peel Oil, Citrus Aurantifolia (Lime) Oil, Vitis Vinifera (Grape) Seed Oil, Punica Granatum Seed Oil, Pinus Sylvestris Leaf Oil, Persea Gratissima (Avocado) Oil, Niacinamide, Citrus Grandis (Grapefruit) Peel Oil, Cholesterol, Anthemis Nobilis Flower Water, Lactobacillus/Honeysuckle Flower/Licorice Root/Morus Alba Root/Pueraria Lobata Root/Schizandra Chinensis Fruit/Scutellaria Baicalensis Root/Sophora Japonica Flower Extract Ferment Filtrate, Perfluorohexane, Olea Europaea (Olive) Leaf Extract, Glycerin, Eucalyptus Globulus Leaf Oil, Camellia Sinensis Leaf Extract, Chrysanthemum Indicum Flower Extract, Pueraria Lobata Root Extract, Perfluorodecalin, Morus Alba Fruit Extract, Magnolia Kobus Bark Extract, Glycine Soja (Soybean) Sprout Extract, Diospyros Kaki Leaf Extract, Cinnamomum Cassia Bark Extract, Artemisia Princeps Leaf Extract, Pentafluoropropane, Curcuma Longa (Turmeric) Root Extract, Steareth-20, Hydrolyzed Hyaluronic Acid, Colloidal Oatmeal, Hydrolyzed Silk, Citric Acid, Sodium Benzoate, Potassium Sorbate, Aloe Barbadensis Leaf Extract, N-Hydroxysuccinimide, Hydrolyzed Collagen, Caprylhydroxamic Acid, Tocopherol, Thiamine Hcl, Riboflavin, Retinyl Palmitate, Pantothenic Acid, Palmitoyl Oligopeptide, Niacin, Folic Acid, Chrysin, Carnitine Hcl, Biotin, Ascorbic Acid, Palmitoyl Tetrapeptide-7, Chlorhexidine Digluconate. May Contain: Iron Oxides (Ci 77492, Ci 77491, Ci 77499).",1,1,1,1,1,your_skin_but_better_cc_cream_with_spf_50,it_cosmetics,moisturizer,it_cosmetics_your_skin_but_better_cc_cream_with_spf_50,,,,,,,,,,"Snail Secretion Filtrate;Phenyl Trimethicone;Dimethicone;Butylene Glycol;Butylene Glycol Dicaprylate/Dicaprate;Orbignya Oleifera Seed Oil;Butyloctyl Salicylate;Cetyl Peg/Ppg-10/1 Dimethicone;Cyclopentasiloxane;Cyclohexasiloxane;Magnesium Sulfate;Polyglyceryl-4 Isostearate;Dimethicone/Vinyl Dimethicone Crosspolymer;Aluminum Hydroxide;Hexyl Laurate;Stearic Acid;Calcium Stearate;Caprylyl Glycol;Triethoxycaprylylsilane;Ethylhexylglycerin;Citrus Medica Limonum (Lemon) Peel Oil;Tocopheryl Acetate;Sorbitan Isostearate;Phenoxyethanol;Citrus Aurantium Bergamia (Bergamot) Fruit Oil;1,2-Hexanediol;Disodium Edta;Citrus Aurantium Dulcis (Orange) Peel Oil;Citrus Aurantifolia (Lime) Oil;Vitis Vinifera (Grape) Seed Oil;Punica Granatum Seed Oil;Pinus Sylvestris Leaf Oil;Persea Gratissima (Avocado) Oil;Niacinamide;Citrus Grandis (Grapefruit) Peel Oil;Cholesterol;Anthemis Nobilis Flower Water;Lactobacillus/Honeysuckle Flower/Licorice Root/Morus Alba Root/Pueraria Lobata Root/Schizandra Chinensis Fruit/Scutellaria Baicalensis Root/Sophora Japonica Flower Extract Ferment Filtrate;Perfluorohexane;Olea Europaea (Olive) Leaf Extract;Glycerin;Eucalyptus Globulus Leaf Oil;Camellia Sinensis Leaf Extract;Chrysanthemum Indicum Flower Extract;Pueraria Lobata Root Extract;Perfluorodecalin;Morus Alba Fruit Extract;Magnolia Kobus Bark Extract;Glycine Soja (Soybean) Sprout Extract;Diospyros Kaki Leaf Extract;Cinnamomum Cassia Bark Extract;Artemisia Princeps Leaf Extract;Pentafluoropropane;Curcuma Longa (Turmeric) Root Extract;Steareth-20;Hydrolyzed Hyaluronic Acid;Colloidal Oatmeal;Hydrolyzed Silk;Citric Acid;Sodium Benzoate;Potassium Sorbate;Aloe Barbadensis Leaf Extract;N-Hydroxysuccinimide;Hydrolyzed Collagen;Caprylhydroxamic Acid;Tocopherol;Thiamine Hcl;Riboflavin;Retinyl Palmitate;Pantothenic Acid;Palmitoyl Oligopeptide;Niacin;Folic Acid;Chrysin;Carnitine Hcl;Biotin;Ascorbic Acid;Palmitoyl Tetrapeptide-7;Chlorhexidine Digluconate, May Contain: Iron Oxides (Ci 77492;Ci 77491;Ci 77499),",0.0,455.0,38337.0,3.811,1.08,,36.11,0.84,1.19,moisturizer,nan
Moisturizer,TATCHA,The Water Cream,68,4.2,"Water, Saccharomyces/Camellia Sinensis Leaf/Cladosiphon Okamuranus/Rice Ferment Filtrate*, Dimethicone, Propanediol, Glycerin, Diglycerin, Diphenylsiloxy Phenyl Trimethicone, Gold, Belamcanda Chinensis Root Extract, Rosa Multiflora Fruit Extract, Houttuynia Cordata Extract, Sophora Angustifolia Root Extract, Sodium Hyaluronate, Lecithin, Pistacia Lentiscus (Mastic) Gum, Sodium Chloride, Sodium Citrate, Mica, Peg-9 Polydimethylsiloxyethyl Dimethicone, Dimethicone/Peg-10/15 Crosspolymer, Dimethicone/Phenyl Vinyl Dimethicone Crosspolymer, Disodium Edta, Tin Oxide, Titanium Dioxide, Butylene Glycol, Ethylhexylglycerin, Parfum/Fragrance, Alcohol, Phenoxyethanol. *Hadasei-3.",1,0,1,1,1,the_water_cream,tatcha,moisturizer,tatcha_the_water_cream,1.0,1000.0,149323.0,4.2447,1.7,Moisturizers,40.0,0.42,0.67,"Saccharomyces/Camellia Sinensis Leaf/Cladosiphon Okamuranus/Rice Ferment Filtrate*;Dimethicone;Propanediol;Glycerin;Diglycerin;Diphenylsiloxy Phenyl Trimethicone;Gold;Belamcanda Chinensis Root Extract;Rosa Multiflora Fruit Extract;Houttuynia Cordata Extract;Sophora Angustifolia Root Extract;Sodium Hyaluronate;Lecithin;Pistacia Lentiscus (Mastic) Gum;Sodium Chloride;Sodium Citrate;Mica;Peg-9 Polydimethylsiloxyethyl Dimethicone;Dimethicone/Peg-10/15 Crosspolymer;Dimethicone/Phenyl Vinyl Dimethicone Crosspolymer;Disodium Edta;Tin Oxide;Titanium Dioxide;Butylene Glycol;Ethylhexylglycerin;Parfum/Fragrance;Alcohol;Phenoxyethanol, *Hadasei-3,",1.0,1000.0,149323.0,4.2447,1.7,Moisturizers,40.0,0.42,0.67,moisturizer,Very High (26k - 193k)
Moisturizer,DRUNK ELEPHANT,Lala Retro™ Whipped Cream,60,4.2,"Water, Glycerin, Caprylic/ Capric Triglyceride, Isopropyl Isostearate, Pseudozyma Epicola/Camellia Sinensis Seed Oil/Glucose/Glycine Soja Meal/Malt Extract/Yeast Extract Ferment Filtrate (Pseudozyma Epicola/Camellia Sinensis Seed Oil/Glucose/Yeast Extract Ferment Filtrate), Stearic Acid, Glyceryl Stearate SE, Cetearyl Alcohol, Pentylene Glycol, Plantago Lanceolata Leaf Extract, Adansonia Digitata Seed Oil, Citrullus Lanatus (Watermelon) Seed Oil, Passiflora Edulis Seed Oil, Schinziophyton Rautanenii Kernel Oil, Sclerocarya Birrea Seed Oil, Polyglyceryl-6 Ximenia Americana Seedate, Sodium Hyaluronate Crosspolymer, Ceteareth-20, Trisodium Ethylenediamine Disuccinate, Sodium Hydroxide, Citric Acid, Carbomer, Xanthan Gum, Caprylyl Glycol, Chlorphenesin, Phenoxyethanol, Ethylhexylglycerin.",1,1,1,1,0,lala_retro_whipped_cream,drunk_elephant,moisturizer,drunk_elephant_lala_retro_whipped_cream,,,,,,,,,,"Glycerin;Caprylic/ Capric Triglyceride;Isopropyl Isostearate;Pseudozyma Epicola/Camellia Sinensis Seed Oil/Glucose/Glycine Soja Meal/Malt Extract/Yeast Extract Ferment Filtrate (Pseudozyma Epicola/Camellia Sinensis Seed Oil/Glucose/Yeast Extract Ferment Filtrate);Stearic Acid;Glyceryl Stearate SE;Cetearyl Alcohol;Pentylene Glycol;Plantago Lanceolata Leaf Extract;Adansonia Digitata Seed Oil;Citrullus Lanatus (Watermelon) Seed Oil;Passiflora Edulis Seed Oil;Schinziophyton Rautanenii Kernel Oil;Sclerocarya Birrea Seed Oil;Polyglyceryl-6 Ximenia Americana Seedate;Sodium Hyaluronate Crosspolymer;Ceteareth-20;Trisodium Ethylenediamine Disuccinate;Sodium Hydroxide;Citric Acid;Carbomer;Xanthan Gum;Caprylyl Glycol;Chlorphenesin;Phenoxyethanol;Ethylhexylglycerin,",,,,,,,,,,moisturizer,nan
Moisturizer,DRUNK ELEPHANT,Virgin Marula Luxury Facial Oil,72,4.4,100% Unrefined Sclerocraya Birrea (Marula) Kernel Oil.,1,1,1,1,0,virgin_marula_luxury_facial_oil,drunk_elephant,moisturizer,drunk_elephant_virgin_marula_luxury_facial_oil,1.0,1000.0,117305.0,4.4188,1.0,Moisturizers,72.0,0.44,0.85,"100% Unrefined Sclerocraya Birrea (Marula) Kernel Oil,",1.0,1000.0,117305.0,4.4188,1.0,Moisturizers,72.0,0.44,0.85,moisturizer,Very High (26k - 193k)
Moisturizer,KIEHL'S SINCE 1851,Ultra Facial Cream,29,4.4,"Water, Glycerin, Cyclohexasiloxane, Squalane, Bis-Peg-18 Methyl Ether Dimethyl Silane, Sucrose Stearate, Stearyl Alcohol, Peg-8 Stearate, Urea, Myristyl Myristate, Pentaerythrityl Tetraethylhexanoate, Prunus Armeniaca Kernel Oil, Phenoxyethanol, Persea Gratissima Oil, Olea Europaea Oil, Oryza Sativa Bran Oil, Cetyl Alcohol, Glyceryl Stearate, Imperata Cylindrica Root Extract, Stearic Acid, Methylparaben, Chlorphenesin, Palmitic Acid, Disodium Edta, Acrylates/C10-30 Alkyl Acrylate Crosspolymer, Propylparaben, Carbomer, Triethanolamine, Prunus Amygdalus Dulcis Oil, Xanthan Gum, Sodium Hydroxide, Tocopherol, Pseudoalteromonas Ferment Extract, Hydroxypalmitoyl Sphinganine, Caprylyl Glycol.",1,1,1,1,1,ultra_facial_cream,kiehl's_since_1851,moisturizer,kiehl's_since_1851_ultra_facial_cream,0.0,756.0,60343.0,4.3915,1.7,Moisturizers,17.65,0.58,1.25,"Glycerin;Cyclohexasiloxane;Squalane;Bis-Peg-18 Methyl Ether Dimethyl Silane;Sucrose Stearate;Stearyl Alcohol;Peg-8 Stearate;Urea;Myristyl Myristate;Pentaerythrityl Tetraethylhexanoate;Prunus Armeniaca Kernel Oil;Phenoxyethanol;Persea Gratissima Oil;Olea Europaea Oil;Oryza Sativa Bran Oil;Cetyl Alcohol;Glyceryl Stearate;Imperata Cylindrica Root Extract;Stearic Acid;Methylparaben;Chlorphenesin;Palmitic Acid;Disodium Edta;Acrylates/C10-30 Alkyl Acrylate Crosspolymer;Propylparaben;Carbomer;Triethanolamine;Prunus Amygdalus Dulcis Oil;Xanthan Gum;Sodium Hydroxide;Tocopherol;Pseudoalteromonas Ferment Extract;Hydroxypalmitoyl Sphinganine;Caprylyl Glycol,",0.0,756.0,60343.0,4.3915,1.7,Moisturizers,17.65,0.58,1.25,moisturizer,Very High (26k - 193k)
Moisturizer,LA MER,Little Miss Miracle Limited-Edition Crème de la Mer,325,5.0,"Algae (Seaweed) Extract, Mineral Oil, Petrolatum, Glycerin, Isohexadecane, Microcrystalline Wax, Lanolin Alcohol, Citrus Aurantifolia (Lime) Extract, Sesamum Indicum (Sesame) Seed Oil, Eucalyptus Globulus (Eucalyptus) Leaf Oil, Sesamum Indicum (Sesame) Seed Powder, Medicago Sativa (Alfalfa) Seed Powder, Helianthus Annuus (Sunflower) Seedcake, Prunus Amygdalus Dulcis (Sweet Almond) Seed Meal, Sodium Gluconate, Copper Gluconate, Calcium Gluconate, Magnesium Gluconate, Zinc Gluconate, Magnesium Sulfate, Paraffin, Tocopheryl Succinate, Niacin, Water, Beta-Carotene, Decyl Oleate, Aluminum Distearate, Octyldodecanol, Citric Acid, Cyanocobalamin, Magnesium Stearate, Panthenol, Limonene, Geraniol, Linalool, Hydroxycitronellal, Citronellol, Benzyl Salicylate, Citral, Sodium Benzoate, Alcohol Denat., Fragrance.",0,0,0,0,0,little_miss_miracle_limited_edition_crème_de_la_mer,la_mer,moisturizer,la_mer_little_miss_miracle_limited_edition_crème_de_la_mer,,,,,,,,,,"Algae (Seaweed) Extract;Mineral Oil;Petrolatum;Glycerin;Isohexadecane;Microcrystalline Wax;Lanolin Alcohol;Citrus Aurantifolia (Lime) Extract;Sesamum Indicum (Sesame) Seed Oil;Eucalyptus Globulus (Eucalyptus) Leaf Oil;Sesamum Indicum (Sesame) Seed Powder;Medicago Sativa (Alfalfa) Seed Powder;Helianthus Annuus (Sunflower) Seedcake;Prunus Amygdalus Dulcis (Sweet Almond) Seed Meal;Sodium Gluconate;Copper Gluconate;Calcium Gluconate;Magnesium Gluconate;Zinc Gluconate;Magnesium Sulfate;Paraffin;Tocopheryl Succinate;Niacin;Beta-Carotene;Decyl Oleate;Aluminum Distearate;Octyldodecanol;Citric Acid;Cyanocobalamin;Magnesium Stearate;Panthenol;Limonene;Geraniol;Linalool;Hydroxycitronellal;Citronellol;Benzyl Salicylate;Citral;Sodium Benzoate;Alcohol Denat,;Fragrance,",,,,,,,,,,moisturizer,nan
Moisturizer,FRESH,Lotus Youth Preserve Moisturizer,45,4.3,"Water, Glycerin, Propylene Glycol Dicaprylate/Dicaprate, Pentylene Glycol, Cetearyl Alcohol, Caprylic/Capric Triglyceride, Cetearyl Isononanoate, Betaine, Polymethyl Methacrylate, Steareth-21, Ficus Carica (Fig) Fruit Extract, Lepidium Meyenii Root Extract, Citrus Limon (Lemon) Peel Oil, Cucumis Sativus (Cucumber) Fruit Extract, Algae Extract, Nelumbo Nucifera Flower Extract, Hibiscus Esculentus Fruit Extract, Sodium Hyaluronate, Tocopheryl Acetate, Ascorbyl Tetraisopalmitate, Tocopherol, Behenyl Alcohol, Cetearyl Glucoside, Sorbitol, Dimethicone, Sodium PCA, Caprylyl Glycol, Carbomer, Tromethamine, Cetyl Alcohol, Stearyl Alcohol, Butylene Glycol, Xanthan Gum, Caramel, Citric Acid, Potassium Sorbate, Sorbic Acid, Phenoxyethanol, Limonene, Citral.",0,0,0,0,0,lotus_youth_preserve_moisturizer,fresh,moisturizer,fresh_lotus_youth_preserve_moisturizer,0.0,2000.0,119862.0,4.2875,1.6,Moisturizers,28.75,0.21,1.67,"Glycerin;Propylene Glycol Dicaprylate/Dicaprate;Pentylene Glycol;Cetearyl Alcohol;Caprylic/Capric Triglyceride;Cetearyl Isononanoate;Betaine;Polymethyl Methacrylate;Steareth-21;Ficus Carica (Fig) Fruit Extract;Lepidium Meyenii Root Extract;Citrus Limon (Lemon) Peel Oil;Cucumis Sativus (Cucumber) Fruit Extract;Algae Extract;Nelumbo Nucifera Flower Extract;Hibiscus Esculentus Fruit Extract;Sodium Hyaluronate;Tocopheryl Acetate;Ascorbyl Tetraisopalmitate;Tocopherol;Behenyl Alcohol;Cetearyl Glucoside;Sorbitol;Dimethicone;Sodium PCA;Caprylyl Glycol;Carbomer;Tromethamine;Cetyl Alcohol;Stearyl Alcohol;Butylene Glycol;Xanthan Gum;Caramel;Citric Acid;Potassium Sorbate;Sorbic Acid;Phenoxyethanol;Limonene;Citral,",0.0,2000.0,119862.0,4.2875,1.6,Moisturizers,28.75,0.21,1.67,moisturizer,Very High (26k - 193k)
Moisturizer,KIEHL'S SINCE 1851,Midnight Recovery Concentrate,47,4.4,"Caprylic/Capric Triglyceride Dicaprylyl Carbonate Squalane Rosa Canina Fruit Oil Oenothera Biennis Oil, Evening Primrose Oil Simmondsia Chinensis Oil, Jojoba Seed Oil Coriandrum Sativum Oil, Coriander Seed Oil Tocopherol Lavandula Angustifolia Oil, Lavender Oil Pelargonium Graveolens Flower Oil Linalool Rosmarinus Officinalis Leaf Oil, Rosemary Leaf Oil Citronellol Geraniol Lavandula Hybrida Oil Cucumis Sativus Extract, Cucumber Fruit Extract Curcuma Longa Extract, Turmeric Root Extract Limonene Citral Sclareolide Rosa Spp, Rose Flower Oil Jasminum Officinale Extract, Jasmine Extract Helianthus Annuus Seed Oil, Sunflower Seed Oil.",1,1,1,1,1,midnight_recovery_concentrate,kiehl's_since_1851,moisturizer,kiehl's_since_1851_midnight_recovery_concentrate,0.0,566.0,66439.0,4.3233,1.0,Moisturizers,49.0,0.76,0.85,"Caprylic/Capric Triglyceride Dicaprylyl Carbonate Squalane Rosa Canina Fruit Oil Oenothera Biennis Oil;Evening Primrose Oil Simmondsia Chinensis Oil;Jojoba Seed Oil Coriandrum Sativum Oil;Coriander Seed Oil Tocopherol Lavandula Angustifolia Oil;Lavender Oil Pelargonium Graveolens Flower Oil Linalool Rosmarinus Officinalis Leaf Oil;Rosemary Leaf Oil Citronellol Geraniol Lavandula Hybrida Oil Cucumis Sativus Extract;Cucumber Fruit Extract Curcuma Longa Extract;Turmeric Root Extract Limonene Citral Sclareolide Rosa Spp;Rose Flower Oil Jasminum Officinale Extract;Jasmine Extract Helianthus Annuus Seed Oil;Sunflower Seed Oil,",0.0,566.0,66439.0,4.3233,1.0,Moisturizers,49.0,0.76,0.85,moisturizer,Very High (26k - 193k)
Moisturizer,BELIF,The True Cream Aqua Bomb,38,4.5,"Water, Dipropylene Glycol, Glycerin, Methl Trimethicone, Alcohol Denat, Dimethicone, Cyclopentasiloxane, 1,2-Hexanediol, Malakite Extract, Caprylic/Capric Triglyceride, Pentaerythrityl Tetraethylhexanoate, PEG/PPG/Polybutylene Glycol-8/5/3 Glycerin, Alchemilla Vulgaris Leaf Extract*, Equisetum Arvense Leaf Extract*, Stellaria Media (Chickweed) Extract*, Urtica Dioica (Nettle) Leaf Extract*, Plantago Lanceolata Leaf Extract*, Avena Sativa (Oat) Kernel Extract**, Calendula Officinalis Flower Extract**, Nepeta Cataria Extract**, Rubus Idaeus (Raspberry) Leaf Extract**, Baptisia Tinctoria Root Extract**, Dimethiconol, Polymethylsilsesquioxane, Sodium Acrylate/Acryloyldimethyltaurate/Dimethylacrylamide Crosspolymer, Isohexadecane, Polysorbate 60, Ceramide 3, Cholesterol, Butyrospermum Parkii (Shea) Butter, Phenl Trimethicone, Pentaerythrityl Tetraisostearate, Panthenol, Squalane, Triethylhexanoin, Macadamia Ternifolia Seed Oil, PEG-150, PEG-40 Hydrogenated Castor Oil, Acrylates/C10-30 Alkyl Acrylate Crosspolymer, C14-22 Alcohols, Arachidyl Glucoside, Hydrogenated Lecithin, PEG-100 Stearate, Stearic Acid, Glyceryl Stearate, Carbomer, Tromethamine, Trisodium EDTA, Fragrance+, Citronellol, Limonene, Citral, Geraniol, Linalool. *Napiers aqua formula. **Napiers original formula. +Fragrances of natural origin.",1,0,1,1,0,the_true_cream_aqua_bomb,belif,moisturizer,belif_the_true_cream_aqua_bomb,0.0,3000.0,142491.0,4.4863,1.68,Moisturizers,22.62,0.15,2.11,"Dipropylene Glycol;Glycerin;Methl Trimethicone;Alcohol Denat;Dimethicone;Cyclopentasiloxane;1,2-Hexanediol;Malakite Extract;Caprylic/Capric Triglyceride;Pentaerythrityl Tetraethylhexanoate;PEG/PPG/Polybutylene Glycol-8/5/3 Glycerin;Alchemilla Vulgaris Leaf Extract*;Equisetum Arvense Leaf Extract*;Stellaria Media (Chickweed) Extract*;Urtica Dioica (Nettle) Leaf Extract*;Plantago Lanceolata Leaf Extract*;Avena Sativa (Oat) Kernel Extract**;Calendula Officinalis Flower Extract**;Nepeta Cataria Extract**;Rubus Idaeus (Raspberry) Leaf Extract**;Baptisia Tinctoria Root Extract**;Dimethiconol;Polymethylsilsesquioxane;Sodium Acrylate/Acryloyldimethyltaurate/Dimethylacrylamide Crosspolymer;Isohexadecane;Polysorbate 60;Ceramide 3;Cholesterol;Butyrospermum Parkii (Shea) Butter;Phenl Trimethicone;Pentaerythrityl Tetraisostearate;Panthenol;Squalane;Triethylhexanoin;Macadamia Ternifolia Seed Oil;PEG-150;PEG-40 Hydrogenated Castor Oil;Acrylates/C10-30 Alkyl Acrylate Crosspolymer;C14-22 Alcohols;Arachidyl Glucoside;Hydrogenated Lecithin;PEG-100 Stearate;Stearic Acid;Glyceryl Stearate;Carbomer;Tromethamine;Trisodium EDTA;Fragrance+;Citronellol;Limonene;Citral;Geraniol;Linalool, *Napiers aqua formula, **Napiers original formula, +Fragrances of natural origin,",0.0,3000.0,142491.0,4.4863,1.68,Moisturizers,22.62,0.15,2.11,moisturizer,Very High (26k - 193k)
Moisturizer,SUNDAY RILEY,Luna Sleeping Night Oil,105,4.1,"Persea Gratissima (Extra Virgin, Cold Pressed Avocado) Oil, Vitis Vinifera (Organic, Cold Pressed Concord Grape) Seed Oil, Rubus Fruticosus (Cold Pressed Blackberry) Seed Oil, Salvia Hispanica (Cold Pressed Chia) Oil, Dimethyl Isosorbide (and) Hydroxypinacolone Retinoate, Chamomilla Recutita (Matricaria) Flower Oil, Tanecetum annuum (Blue Tansy) oil, Anthemis nobilis (English Chamomile) oil, Eriocephalus punctulatus (Cape Chamomile) oil, Citrus Aurantium Amara (Neroli) Oil, Citrus Aurantium Dulcis (Blood Orange) oil, Cananga Odorata Flower (Ylang Ylang) Oil, Vetivera zizanoides (Vetiver) oil, Helianthus Annuus (Sunflower) Seed Oil (and) Rosmarinus officinalis (Rosemary) Leaf Extract, CI 61565 (Green 6), CI 60725 (Violet 2).",1,1,1,1,1,luna_sleeping_night_oil,sunday_riley,moisturizer,sunday_riley_luna_sleeping_night_oil,,,,,,,,,,"Persea Gratissima (Extra Virgin;Cold Pressed Avocado) Oil;Vitis Vinifera (Organic;Cold Pressed Concord Grape) Seed Oil;Rubus Fruticosus (Cold Pressed Blackberry) Seed Oil;Salvia Hispanica (Cold Pressed Chia) Oil;Dimethyl Isosorbide (and) Hydroxypinacolone Retinoate;Chamomilla Recutita (Matricaria) Flower Oil;Tanecetum annuum (Blue Tansy) oil;Anthemis nobilis (English Chamomile) oil;Eriocephalus punctulatus (Cape Chamomile) oil;Citrus Aurantium Amara (Neroli) Oil;Citrus Aurantium Dulcis (Blood Orange) oil;Cananga Odorata Flower (Ylang Ylang) Oil;Vetivera zizanoides (Vetiver) oil;Helianthus Annuus (Sunflower) Seed Oil (and) Rosmarinus officinalis (Rosemary) Leaf Extract;CI 61565 (Green 6);CI 60725 (Violet 2),",0.0,1000.0,112116.0,4.1146,1.18,Moisturizers,88.98,0.41,0.89,moisturizer,nan
Moisturizer,FARMACY,Honeymoon Glow AHA Resurfacing Night Serum with Echinacea GreenEnvy™,58,4.6,"Water, Lactic Acid, Propanediol, Jojoba Esters, Glycolic Acid, Potassium Hydroxide, Salix Alba (Willow) Bark Extract, Carthamus Tinctorius (Safflower) Oleosomes, Vitis Vinifera (Grape) Seed Oil, Hibiscus Sabdariffa Flower Extract, Citric Acid, Honey Extract, Echinacea Purpurea Root Extract, Propolis Extract, Royal Jelly Extract, Hydrolyzed Sodium Hyaluronate, Hydrolyzed Hyaluronic Acid, Curcuma Longa (Turmeric) Root Extract, Argania Spinosa Kernel Oil, Zingiber Officinale (Ginger) Root Extract, Amaranthus Caudatus Seed Oil, Limnanthes Alba (Meadowfoam) Seed Oil, Vaccinium Myrtillus Fruit/Leaf Extract, Saccharum Officinarum (Sugarcane) Extract, Citrus Aurantium Dulcis (Orange) Fruit Extract, Citrus Limon (Lemon) Fruit Extract, Acer Saccharum (Sugar Maple) Extract, Melia Azadirachta Leaf Extract, Helianthus Annuus (Sunflower) Seed Oil, Melia Azadirachta Flower Extract, Salvia Hispanica Seed Oil, Cetearyl Alcohol, Glycerin, Arachidyl Alcohol, Sclerotium Gum, Coco-Glucoside, Polyacrylate Crosspolymer-6, Behenyl Alcohol, Arachidyl Glucoside, Sodium Benzoate, Tocopherol, Potassium Sorbate, Corallina Officinalis Extract, Polyglyceryl-10 Stearate, Gluconolactone, 1,2-Hexanediol, Ocimum Basilicum (Basil) Flower/Leaf Extract, Ocimum Sanctum Leaf Extract, T-Butyl Alcohol, Glucose, Calcium Gluconate, Citral.",1,1,1,1,1,honeymoon_glow_aha_resurfacing_night_serum_with_echinacea_greenenvy,farmacy,moisturizer,farmacy_honeymoon_glow_aha_resurfacing_night_serum_with_echinacea_greenenvy,,,,,,,,,,"Lactic Acid;Propanediol;Jojoba Esters;Glycolic Acid;Potassium Hydroxide;Salix Alba (Willow) Bark Extract;Carthamus Tinctorius (Safflower) Oleosomes;Vitis Vinifera (Grape) Seed Oil;Hibiscus Sabdariffa Flower Extract;Citric Acid;Honey Extract;Echinacea Purpurea Root Extract;Propolis Extract;Royal Jelly Extract;Hydrolyzed Sodium Hyaluronate;Hydrolyzed Hyaluronic Acid;Curcuma Longa (Turmeric) Root Extract;Argania Spinosa Kernel Oil;Zingiber Officinale (Ginger) Root Extract;Amaranthus Caudatus Seed Oil;Limnanthes Alba (Meadowfoam) Seed Oil;Vaccinium Myrtillus Fruit/Leaf Extract;Saccharum Officinarum (Sugarcane) Extract;Citrus Aurantium Dulcis (Orange) Fruit Extract;Citrus Limon (Lemon) Fruit Extract;Acer Saccharum (Sugar Maple) Extract;Melia Azadirachta Leaf Extract;Helianthus Annuus (Sunflower) Seed Oil;Melia Azadirachta Flower Extract;Salvia Hispanica Seed Oil;Cetearyl Alcohol;Glycerin;Arachidyl Alcohol;Sclerotium Gum;Coco-Glucoside;Polyacrylate Crosspolymer-6;Behenyl Alcohol;Arachidyl Glucoside;Sodium Benzoate;Tocopherol;Potassium Sorbate;Corallina Officinalis Extract;Polyglyceryl-10 Stearate;Gluconolactone;1,2-Hexanediol;Ocimum Basilicum (Basil) Flower/Leaf Extract;Ocimum Sanctum Leaf Extract;T-Butyl Alcohol;Glucose;Calcium Gluconate;Citral,",,,,,,,,,,moisturizer,nan
Moisturizer,DRUNK ELEPHANT,The Littles™,90,4.4,"Beste™ No.9 Jelly Cleanser: Water, Sodium Lauroyl Methyl Isethionate, Glycerin, Cocamidopropyl Betaine, Cocamidopropyl Hydroxysultaine, Sodium Methyl Oleoyl Taurate, Propanediol, Aloe Barbadensis Leaf Extract, Coco-Glucoside, Lauryl Glucoside, Cucumis Melo Cantalupensis Fruit Extract, Sclerocarya Birrea Seed Oil, Dipotassium Glycyrrhizate, Citric Acid, Phenoxyethanol, Sodium Benzoate, Sodium Chloride. C-Firma™ Day Serum: Water, Ethoxydiglycol, Ascorbic Acid, Glycerin, Laureth-23, Lactobacillus/Pumpkin Ferment Extract, Sclerocarya Birrea Seed Oil, Ferulic Acid, Sodium Hyaluronate, Chondrus Crispus Extract, Camellia Sinensis Leaf Extract, Lactobacillus/Punica Granatum Fruit Ferment Extract, Glycyrrhiza Glabra (Licorice) Root Extract, Vitis Vinifera (Grape) Juice Extract, Phyllanthus Emblica Fruit Extract, Hydrolyzed Wheat Protein, Tocopherol, Caprylhydroxamic Acid, Acetyl Glucosamine, Hydrolyzed Quinoa, Glutamylamidoethyl Imidazole, Dipotassium Glycyrrhizate, Tetrahydrodiferuloylmethane, Tetrahydrodemethoxydiferuloylmethane, Tetrahydrobisdemethoxydiferuloylmethane, Sodium Hyaluronate Crosspolymer, Glycine, Sucrose, Maltodextrin, Propanediol, Caprylyl Glycol, Sodium Hydroxide, Xanthan gum, Hydroxyethyl Acrylate/Sodium Acryloyldimethyl Taurate Copolymer, Isohexadecane, Polysorbate 60. B-Hydra™ Intensive Hydration Serum: Water,Coconut Alkanes, Ammonium Acryloyldimethyltaurate/VP Copolymer, Glycerin, Pentylene Glycol, Sclerocarya Birrea Seed Oil, Wheat Amino Acids, Ananas Sativus (Pineapple) Fruit Extract, Berberis Vulgaris Root Extract, Citrullus Lanatus (Watermelon) Fruit Extract, Lens Esculenta (Lentil) Fruit Extract, Pyrus Malus (Apple) Fruit Extract, Coco-Caprylate/Caprate, Panthenol, Sodium PCA, Sodium Hyaluronate Crosspolymer, Dipotassium Glycyrrhizate, Niacinamide, Cyclodextrin, Sodium Hyaluronate, Sodium Lactate, Phenoxyethanol, Hydroxyproline, Trisodium Ethylenediamine Disuccinate, Citric Acid, Caprylyl Glycol, Chlorphenesin, Ethylhexylglycerin. T.L.C. Framboos™ Glycolic Night Serum: Water, Glycolic Acid, Butylene Glycol, Glycerin, Sodium Hydroxide, Salicylic Acid, Lactic Acid, Citric Acid, Vitis Vinifera (Grape) Juice Extract, Aloe Barbadensis Leaf Juice, Opuntia Ficus-Indica Extract, Aesculus Hippocastanum (Horse Chestnut) Seed Extract, Camellia Sinensis Leaf Extract, Rubus Idaeus (Raspberry) Fruit Extract, Saccharomyces Cerevisiae Extract, Buddleja Davidii Meristem Cell Culture, Sclerocarya Birrea Seed Oil, Sodium Hyaluronate Crosspolymer, Allantoin, Hydroxyethylcellulose, Galactoarabinan, Propanediol, Disodium EDTA, Xanthan Gum, Hexylene Glycol, Phenoxyethanol, Caprylyl Glycol, Ethylhexylglycerin, Sodium Nitrate, Potassium Sorbate, Pentylene Glycol, Sodium Benzoate. Virgin Marula Luxury Facial Oil: Sclerocarya Birrea Seed OilLala Retro™Whipped CreamWater,Glycerin, Caprylic/ Capric Triglyceride, Isopropyl Isostearate, Pseudozyma Epicola/Camellia Sinensis Seed Oil/Glucose/Glycine Soja Meal/Malt Extract/Yeast Extract Ferment Filtrate (Pseudozyma Epicola/Camellia Sinensis Seed Oil/Glucose/Yeast Extract Ferment Filtrate), Stearic Acid, Glyceryl Stearate SE, Cetearyl Alcohol, Pentylene Glycol, Plantago Lanceolata Leaf Extract, Adansonia Digitata Seed Oil, Citrullus Lanatus (Watermelon) Seed Oil, Passiflora Edulis Seed Oil, Schinziophyton Rautanenii Kernel Oil, Sclerocarya Birrea Seed Oil, Polyglyceryl-6 Ximenia Americana Seedate, Sodium Hyaluronate Crosspolymer, Ceteareth-20, Trisodium Ethylenediamine Disuccinate, Sodium Hydroxide, Citric Acid, Carbomer, Xanthan Gum, Caprylyl Glycol, Chlorphenesin, Phenoxyethanol, Ethylhexylglycerin. Umbra™ Sheer Physical Daily Defense SPF 30: Zinc Oxide 20%, Water, Caprylic/Capric Triglyceride, Dicaprylyl Carbonate, Glycerin,Pentylene Glycol, Steareth-2, Propanediol, Steareth-21, Polyhydroxystearic Acid, Cetearyl Alcohol, Silica, Sclerocarya Birrea Seed Oil, Aloe Barbadensis Leaf Extract, Chondrus Crispus Extract, Haematococcus Pluvialis Extract, Helianthus Annuus (Sunflower) Sprout Extract, Vitis Vinifera (Grape) Juice Extract, Helianthus Annuus (Sunflower) Seed Oil, Simmondsia Chinensis (Jojoba) Seed Oil, Raspberry Seed Oil/Tocopheryl Succinate Aminopropanediol Esters, Hydrolyzed Wheat Protein,Tocopheryl Acetate, Tocopherol, Sea Water, Acetyl Glucosamine, Cetearyl Glucoside, Sodium Stearoyl Glutamate, Tetrahexyldecyl Ascorbate, Glycine, Sucrose, Lecithin, Triethoxycaprylylsilane, Xanthan Gum, Trisodium Ethylenediamine Disuccinate, Caprylhydroxamic Acid, Mica, Caprylyl Glycol, Phenoxyethanol, Titanium Dioxide (CI 77891), Iron Oxides (CI 77491). Shaba Complex™ Eye Serum: Water, Octyldodecanol, Glycerin, Boron Nitride, Saccharomyces/Xylinum/Black Tea Ferment, Coconut Alkanes, Cetyl Alcohol, Cetearyl Olivate, Sorbitan Olivate, Niacinamide, Copper Tripeptide-1, Leontopodium Alpinum Meristem Cell Culture, Dipeptide-2, Palmitoyl Tripeptide-1, Palmitoyl Tetrapeptide-7, Copper Lysinate/Prolinate, Hesperidin Methyl Chalcone, Chondrus Crispus (Carrageenan), Mangifera Indica (Mango) Seed Butter, Glycine Soja (Soybean) Oil, Hippophae Rhamnoides Oil, Sclerocarya Birrea Seed Oil, Sodium Hyaluronate Crosspolymer, Hydroxyethylcellulose, Coco-Caprylate/Caprate, Steareth-20, Lecithin, Panthenol, N-Hydroxysuccinimide, Ubiquinone, Citric Acid, Thioctic Acid, Tocopherol, Chrysin, Sclerotium Gum, Methylglucoside Phosphate, Xanthan Gum, Potassium Sorbate, Sodium Benzoate, Chlorphenesin, Caprylyl Glycol, Sodium Hydroxide, Phenoxyethanol, Pentylene Glycol, Ethylhexylglycerin.",1,1,1,1,0,the_littles,drunk_elephant,moisturizer,drunk_elephant_the_littles,,,,,,,,,,"Beste™ No,9 Jelly Cleanser: Water;Sodium Lauroyl Methyl Isethionate;Glycerin;Cocamidopropyl Betaine;Cocamidopropyl Hydroxysultaine;Sodium Methyl Oleoyl Taurate;Propanediol;Aloe Barbadensis Leaf Extract;Coco-Glucoside;Lauryl Glucoside;Cucumis Melo Cantalupensis Fruit Extract;Sclerocarya Birrea Seed Oil;Dipotassium Glycyrrhizate;Citric Acid;Phenoxyethanol;Sodium Benzoate;Sodium Chloride, C-Firma™ Day Serum: Water;Ethoxydiglycol;Ascorbic Acid;Glycerin;Laureth-23;Lactobacillus/Pumpkin Ferment Extract;Sclerocarya Birrea Seed Oil;Ferulic Acid;Sodium Hyaluronate;Chondrus Crispus Extract;Camellia Sinensis Leaf Extract;Lactobacillus/Punica Granatum Fruit Ferment Extract;Glycyrrhiza Glabra (Licorice) Root Extract;Vitis Vinifera (Grape) Juice Extract;Phyllanthus Emblica Fruit Extract;Hydrolyzed Wheat Protein;Tocopherol;Caprylhydroxamic Acid;Acetyl Glucosamine;Hydrolyzed Quinoa;Glutamylamidoethyl Imidazole;Dipotassium Glycyrrhizate;Tetrahydrodiferuloylmethane;Tetrahydrodemethoxydiferuloylmethane;Tetrahydrobisdemethoxydiferuloylmethane;Sodium Hyaluronate Crosspolymer;Glycine;Sucrose;Maltodextrin;Propanediol;Caprylyl Glycol;Sodium Hydroxide;Xanthan gum;Hydroxyethyl Acrylate/Sodium Acryloyldimethyl Taurate Copolymer;Isohexadecane;Polysorbate 60, B-Hydra™ Intensive Hydration Serum: Water;Coconut Alkanes;Ammonium Acryloyldimethyltaurate/VP Copolymer;Glycerin;Pentylene Glycol;Sclerocarya Birrea Seed Oil;Wheat Amino Acids;Ananas Sativus (Pineapple) Fruit Extract;Berberis Vulgaris Root Extract;Citrullus Lanatus (Watermelon) Fruit Extract;Lens Esculenta (Lentil) Fruit Extract;Pyrus Malus (Apple) Fruit Extract;Coco-Caprylate/Caprate;Panthenol;Sodium PCA;Sodium Hyaluronate Crosspolymer;Dipotassium Glycyrrhizate;Niacinamide;Cyclodextrin;Sodium Hyaluronate;Sodium Lactate;Phenoxyethanol;Hydroxyproline;Trisodium Ethylenediamine Disuccinate;Citric Acid;Caprylyl Glycol;Chlorphenesin;Ethylhexylglycerin, T,L,C, Framboos™ Glycolic Night Serum: Water;Glycolic Acid;Butylene Glycol;Glycerin;Sodium Hydroxide;Salicylic Acid;Lactic Acid;Citric Acid;Vitis Vinifera (Grape) Juice Extract;Aloe Barbadensis Leaf Juice;Opuntia Ficus-Indica Extract;Aesculus Hippocastanum (Horse Chestnut) Seed Extract;Camellia Sinensis Leaf Extract;Rubus Idaeus (Raspberry) Fruit Extract;Saccharomyces Cerevisiae Extract;Buddleja Davidii Meristem Cell Culture;Sclerocarya Birrea Seed Oil;Sodium Hyaluronate Crosspolymer;Allantoin;Hydroxyethylcellulose;Galactoarabinan;Propanediol;Disodium EDTA;Xanthan Gum;Hexylene Glycol;Phenoxyethanol;Caprylyl Glycol;Ethylhexylglycerin;Sodium Nitrate;Potassium Sorbate;Pentylene Glycol;Sodium Benzoate, Virgin Marula Luxury Facial Oil: Sclerocarya Birrea Seed OilLala Retro™Whipped CreamWater;Glycerin;Caprylic/ Capric Triglyceride;Isopropyl Isostearate;Pseudozyma Epicola/Camellia Sinensis Seed Oil/Glucose/Glycine Soja Meal/Malt Extract/Yeast Extract Ferment Filtrate (Pseudozyma Epicola/Camellia Sinensis Seed Oil/Glucose/Yeast Extract Ferment Filtrate);Stearic Acid;Glyceryl Stearate SE;Cetearyl Alcohol;Pentylene Glycol;Plantago Lanceolata Leaf Extract;Adansonia Digitata Seed Oil;Citrullus Lanatus (Watermelon) Seed Oil;Passiflora Edulis Seed Oil;Schinziophyton Rautanenii Kernel Oil;Sclerocarya Birrea Seed Oil;Polyglyceryl-6 Ximenia Americana Seedate;Sodium Hyaluronate Crosspolymer;Ceteareth-20;Trisodium Ethylenediamine Disuccinate;Sodium Hydroxide;Citric Acid;Carbomer;Xanthan Gum;Caprylyl Glycol;Chlorphenesin;Phenoxyethanol;Ethylhexylglycerin, Umbra™ Sheer Physical Daily Defense SPF 30: Zinc Oxide 20%;Caprylic/Capric Triglyceride;Dicaprylyl Carbonate;Glycerin;Pentylene Glycol;Steareth-2;Propanediol;Steareth-21;Polyhydroxystearic Acid;Cetearyl Alcohol;Silica;Sclerocarya Birrea Seed Oil;Aloe Barbadensis Leaf Extract;Chondrus Crispus Extract;Haematococcus Pluvialis Extract;Helianthus Annuus (Sunflower) Sprout Extract;Vitis Vinifera (Grape) Juice Extract;Helianthus Annuus (Sunflower) Seed Oil;Simmondsia Chinensis (Jojoba) Seed Oil;Raspberry Seed Oil/Tocopheryl Succinate Aminopropanediol Esters;Hydrolyzed Wheat Protein;Tocopheryl Acetate;Tocopherol;Sea Water;Acetyl Glucosamine;Cetearyl Glucoside;Sodium Stearoyl Glutamate;Tetrahexyldecyl Ascorbate;Glycine;Sucrose;Lecithin;Triethoxycaprylylsilane;Xanthan Gum;Trisodium Ethylenediamine Disuccinate;Caprylhydroxamic Acid;Mica;Caprylyl Glycol;Phenoxyethanol;Titanium Dioxide (CI 77891);Iron Oxides (CI 77491), Shaba Complex™ Eye Serum: Water;Octyldodecanol;Glycerin;Boron Nitride;Saccharomyces/Xylinum/Black Tea Ferment;Coconut Alkanes;Cetyl Alcohol;Cetearyl Olivate;Sorbitan Olivate;Niacinamide;Copper Tripeptide-1;Leontopodium Alpinum Meristem Cell Culture;Dipeptide-2;Palmitoyl Tripeptide-1;Palmitoyl Tetrapeptide-7;Copper Lysinate/Prolinate;Hesperidin Methyl Chalcone;Chondrus Crispus (Carrageenan);Mangifera Indica (Mango) Seed Butter;Glycine Soja (Soybean) Oil;Hippophae Rhamnoides Oil;Sclerocarya Birrea Seed Oil;Sodium Hyaluronate Crosspolymer;Hydroxyethylcellulose;Coco-Caprylate/Caprate;Steareth-20;Lecithin;Panthenol;N-Hydroxysuccinimide;Ubiquinone;Citric Acid;Thioctic Acid;Tocopherol;Chrysin;Sclerotium Gum;Methylglucoside Phosphate;Xanthan Gum;Potassium Sorbate;Sodium Benzoate;Chlorphenesin;Caprylyl Glycol;Sodium Hydroxide;Phenoxyethanol;Pentylene Glycol;Ethylhexylglycerin,",,,,,,,,,,moisturizer,nan
Moisturizer,FIRST AID BEAUTY,Ultra Repair® Cream Intense Hydration,30,4.6,"Water, Stearic Acid, Glycerin, C12-15 Alkyl Benzoate, Caprylic/Capric Triglyceride, Glyceryl Stearate Se, Glyceryl Stearate, Cetearyl Alcohol, Butyrospermum Parkii Butter, Dimethicone, Squalane, Allantoin, Camellia Sinensis Leaf Extract, Caprylyl Glycol, Ceramide 3, Chrysanthemum Parthenium Extract, Colloidal Oatmeal, Disodium EDTA, Eucalyptus Globulus Leaf Oil, Glycyrrhiza Glabra Root Extract, Sodium Hydroxide, Xanthan Gum, Phenoxyethanol.",1,1,1,1,1,ultra_repair_cream_intense_hydration,first_aid_beauty,moisturizer,first_aid_beauty_ultra_repair_cream_intense_hydration,0.0,6000.0,144337.0,4.5827,6.0,Moisturizers,5.33,0.08,4.16,"Stearic Acid;Glycerin;C12-15 Alkyl Benzoate;Caprylic/Capric Triglyceride;Glyceryl Stearate Se;Glyceryl Stearate;Cetearyl Alcohol;Butyrospermum Parkii Butter;Dimethicone;Squalane;Allantoin;Camellia Sinensis Leaf Extract;Caprylyl Glycol;Ceramide 3;Chrysanthemum Parthenium Extract;Colloidal Oatmeal;Disodium EDTA;Eucalyptus Globulus Leaf Oil;Glycyrrhiza Glabra Root Extract;Sodium Hydroxide;Xanthan Gum;Phenoxyethanol,",0.0,6000.0,144337.0,4.5827,6.0,Moisturizers,5.33,0.08,4.16,moisturizer,Very High (26k - 193k)
Moisturizer,CLINIQUE,Moisture Surge 72-Hour Auto-Replenishing Hydrator,39,4.4,"Water , Dimethicone , Butylene Glycol , Glycerin , Trisiloxane , Trehalose , Sucrose , Ammonium Acryloyldimethyltaurate/Vp Copolymer , Hydroxyethyl Urea , Camellia Sinensis (Green Tea) Leaf Extract , Silybum Marianum (Lady'S Thistle) Extract , Betula Alba (Birch) Bark Extract , Saccharomyces Lysate Extract , Aloe Barbadensis Leaf Water , Thermus Thermophillus Ferment , Caffeine , Sorbitol , Palmitoyl Hexapeptide-12 , Sodium Hyaluronate , Caprylyl Glycol , Oleth-10 , Sodium Polyaspartate , Saccharide Isomerate , Hydrogenated Lecithin , Tocopheryl Acetate , Acrylates/C10-30 Alkyl Acrylate Crosspolymer , Glyceryl Polymethacrylate , Tromethamine , Peg-8 , Hexylene Glycol , Magnesium Ascorbyl Phosphate , Disodium Edta , Bht , Phenoxyethanol , Red 4 (Ci 14700) , Yellow 5 (Ci 19140)",1,1,1,1,1,moisture_surge_72_hour_auto_replenishing_hydrator,clinique,moisturizer,clinique_moisture_surge_72_hour_auto_replenishing_hydrator,0.0,740.0,51950.0,4.3703,1.7,Moisturizers,22.94,0.59,1.42,Dimethicone;Butylene Glycol;Glycerin;Trisiloxane;Trehalose;Sucrose;Ammonium Acryloyldimethyltaurate/Vp Copolymer;Hydroxyethyl Urea;Camellia Sinensis (Green Tea) Leaf Extract;Silybum Marianum (Lady'S Thistle) Extract;Betula Alba (Birch) Bark Extract;Saccharomyces Lysate Extract;Aloe Barbadensis Leaf Water;Thermus Thermophillus Ferment;Caffeine;Sorbitol;Palmitoyl Hexapeptide-12;Sodium Hyaluronate;Caprylyl Glycol;Oleth-10;Sodium Polyaspartate;Saccharide Isomerate;Hydrogenated Lecithin;Tocopheryl Acetate;Acrylates/C10-30 Alkyl Acrylate Crosspolymer;Glyceryl Polymethacrylate;Tromethamine;Peg-8;Hexylene Glycol;Magnesium Ascorbyl Phosphate;Disodium Edta;Bht;Phenoxyethanol;Red 4 (Ci 14700);Yellow 5 (Ci 19140),0.0,740.0,51950.0,4.3703,1.7,Moisturizers,22.94,0.59,1.42,moisturizer,Very High (26k - 193k)
Moisturizer,FRESH,Rose Deep Hydration Moisturizer,40,4.4,"Water, Glycerin, EthylhexylIsononanoate, Butylene Glycol, Pentylene Glycol, Propanediol,Caprylyl Methicone, Isostearyl Isostearate, Dimethicone, BehenylAlcohol, Nylon-6/12, Steareth-2, Xanthan Gum, PrunusDomestica Seed Oil, Rosa Damascena Flower Water, Algin,Angelica Keiskei Extract, Acacia Senegal Gum, Cucumis Sativus(Cucumber) Fruit Extract, Rosa Damascena Flower Oil, SodiumHyaluronate, Tocopheryl Acetate, Ammonium Acryloyldimethy-ltaurate/VP Copolymer, Steareth-21, Polyacrylamide, C13-14Isoparaffin, Acrylates/C10-30 Alkyl Acrylate Crosspolymer, Tromethamine, Dimethiconol, Laureth-7, Tetrasodium EDTA,Caprylic/Capric Triglyceride, BHT, Caramel, Serine, Fragrance, Phenoxyethanol, Citronellol, Geraniol.",0,0,0,0,0,rose_deep_hydration_moisturizer,fresh,moisturizer,fresh_rose_deep_hydration_moisturizer,0.0,969.0,73660.0,4.3375,1.6,Moisturizers,26.25,0.45,1.32,"Glycerin;EthylhexylIsononanoate;Butylene Glycol;Pentylene Glycol;Propanediol;Caprylyl Methicone;Isostearyl Isostearate;Dimethicone;BehenylAlcohol;Nylon-6/12;Steareth-2;Xanthan Gum;PrunusDomestica Seed Oil;Rosa Damascena Flower Water;Algin;Angelica Keiskei Extract;Acacia Senegal Gum;Cucumis Sativus(Cucumber) Fruit Extract;Rosa Damascena Flower Oil;SodiumHyaluronate;Tocopheryl Acetate;Ammonium Acryloyldimethy-ltaurate/VP Copolymer;Steareth-21;Polyacrylamide;C13-14Isoparaffin;Acrylates/C10-30 Alkyl Acrylate Crosspolymer;Tromethamine;Dimethiconol;Laureth-7;Tetrasodium EDTA;Caprylic/Capric Triglyceride;BHT;Caramel;Serine;Fragrance;Phenoxyethanol;Citronellol;Geraniol,",0.0,969.0,73660.0,4.3375,1.6,Moisturizers,26.25,0.45,1.32,moisturizer,Very High (26k - 193k)
Moisturizer,SK-II,R.N.A. POWER Face Cream,230,4.3,"Water, Glycerin, Galactomyces Ferment Filtrate*, Isohexadecane, Niacinamide, Isopropyl Isostearate, Butylene Glycol, Butyrospermum Parkii (Shea) Butter, Caprylic/Capric Triglyceride, Pentylene Glycol, Dimethicone, Phytosteryl/Behenyl/Octyldodecyl Lauroyl Glutamate, Vinyl Dimethicone/Methicone Silsesquioxane Crosspolymer, Stearyl Alcohol, Sodium Acrylate/Sodium Acryloyldimethyl Taurate Copolymer, Cetyl Alcohol, Behenyl Alcohol, Panthenol, Tocopheryl Acetate, Benzyl Alcohol, Dimethiconol, Cetearyl Alcohol, Cetearyl Glucoside, Methylparaben, Peg-100 Stearate, Polymethylsilsesquioxane, Polysorbate 80, Stearic Acid, Disodium Edta, Propylparaben, Sodium Peg-7 Olive Oil Carboxylate, Ethylparaben, Sorbitan Oleate, Chlorella Vulgaris Extract, Peg-100 Stearate, Peg-7 Glyceryl Cocoate, Sodium Hydroxide, Fragrance, Acanthopanax Senticosus (Eleuthero) Root Extract, Hydrolyzed Soy Protein, Cynara Scolymus (Artichoke) Leaf Extract, Polyquaternium-7, Hydrolyzed Yeast Protein, Palmitoyl Pentapeptide-4, Methylsilanol Tri-Peg-8 Glyceryl Cocoate, Methicone, Ci 77891, Ci 77492. *Pitera™.",0,1,1,0,1,r.n.a._power_face_cream,sk_ii,moisturizer,sk_ii_r.n.a._power_face_cream,0.0,104.0,9547.0,4.25,2.7,Moisturizers,85.19,4.09,1.09,"Glycerin;Galactomyces Ferment Filtrate*;Isohexadecane;Niacinamide;Isopropyl Isostearate;Butylene Glycol;Butyrospermum Parkii (Shea) Butter;Caprylic/Capric Triglyceride;Pentylene Glycol;Dimethicone;Phytosteryl/Behenyl/Octyldodecyl Lauroyl Glutamate;Vinyl Dimethicone/Methicone Silsesquioxane Crosspolymer;Stearyl Alcohol;Sodium Acrylate/Sodium Acryloyldimethyl Taurate Copolymer;Cetyl Alcohol;Behenyl Alcohol;Panthenol;Tocopheryl Acetate;Benzyl Alcohol;Dimethiconol;Cetearyl Alcohol;Cetearyl Glucoside;Methylparaben;Peg-100 Stearate;Polymethylsilsesquioxane;Polysorbate 80;Stearic Acid;Disodium Edta;Propylparaben;Sodium Peg-7 Olive Oil Carboxylate;Ethylparaben;Sorbitan Oleate;Chlorella Vulgaris Extract;Peg-100 Stearate;Peg-7 Glyceryl Cocoate;Sodium Hydroxide;Fragrance;Acanthopanax Senticosus (Eleuthero) Root Extract;Hydrolyzed Soy Protein;Cynara Scolymus (Artichoke) Leaf Extract;Polyquaternium-7;Hydrolyzed Yeast Protein;Palmitoyl Pentapeptide-4;Methylsilanol Tri-Peg-8 Glyceryl Cocoate;Methicone;Ci 77891;Ci 77492, *Pitera™,",0.0,104.0,9547.0,4.25,2.7,Moisturizers,85.19,4.09,1.09,moisturizer,Medium (7k - 13k)
Moisturizer,LA MER,Crème de la Mer Mini,85,4.1,"Algae (Seaweed) Extract, Mineral Oil, Petrolatum, Glycerin, Isohexadecane, Microcrystalline Wax, Lanolin Alcohol, Citrus Aurantifolia (Lime) Extract, Sesamum Indicum (Sesame) Seed Oil, Eucalyptus Globulus (Eucalyptus) Leaf Oil, Sesamum Indicum (Sesame) Seed Powder, Medicago Sativa (Alfalfa) Seed Powder, Helianthus Annuus (Sunflower) Seedcake, Prunus Amygdalus Dulcis (Sweet Almond) Seed Meal, Sodium Gluconate, Copper Gluconate, Calcium Gluconate, Magnesium Gluconate, Zinc Gluconate, Magnesium Sulfate, Paraffin, Tocopheryl Succinate, Niacin, Water, Beta-Carotene, Decyl Oleate, Aluminum Distearate, Octyldodecanol, Citric Acid, Cyanocobalamin, Magnesium Stearate, Panthenol, Limonene, Geraniol, Linalool, Hydroxycitronellal, Citronellol, Benzyl Salicylate, Citral, Sodium Benzoate, Alcohol Denat., Fragrance.",1,1,1,1,1,crème_de_la_mer_mini,la_mer,moisturizer,la_mer_crème_de_la_mer_mini,,,,,,,,,,"Algae (Seaweed) Extract;Mineral Oil;Petrolatum;Glycerin;Isohexadecane;Microcrystalline Wax;Lanolin Alcohol;Citrus Aurantifolia (Lime) Extract;Sesamum Indicum (Sesame) Seed Oil;Eucalyptus Globulus (Eucalyptus) Leaf Oil;Sesamum Indicum (Sesame) Seed Powder;Medicago Sativa (Alfalfa) Seed Powder;Helianthus Annuus (Sunflower) Seedcake;Prunus Amygdalus Dulcis (Sweet Almond) Seed Meal;Sodium Gluconate;Copper Gluconate;Calcium Gluconate;Magnesium Gluconate;Zinc Gluconate;Magnesium Sulfate;Paraffin;Tocopheryl Succinate;Niacin;Beta-Carotene;Decyl Oleate;Aluminum Distearate;Octyldodecanol;Citric Acid;Cyanocobalamin;Magnesium Stearate;Panthenol;Limonene;Geraniol;Linalool;Hydroxycitronellal;Citronellol;Benzyl Salicylate;Citral;Sodium Benzoate;Alcohol Denat,;Fragrance,",,,,,,,,,,moisturizer,nan
Moisturizer,BAREMINERALS,COMPLEXION RESCUE™ Tinted Moisturizer Broad Spectrum SPF 30,30,3.9,"Water, Coconut Alkanes, Propanediol, Squalane, Trehalose, Isostearic Acid, Glycerin, Silica, Agar, Caprylic/Capric Triglyceride, Globularia Cordifolia Callus Culture Extract, Salicornia Herbacea Extract, Melilotus Officinalis Extract, Coco-Caprylate/Caprate, Butylene Glycol, Lauroyl Lysine, Sodium Hyaluronate, Succinoglycan, Polysorbate 60, Cellulose Gum, Polyglyceryl-4 Laurate/Succinate, Sorbitan Sesquiisostearate, Magnesium Stearate, Magnesium Hydroxide, Magnesium Chloride, Potassium Chloride, Calcium Chloride, Potassium Sorbate, Phenoxyethanol. May Contain: Titanium Dioxide, Iron Oxides.",0,0,0,0,0,complexion_rescue_tinted_moisturizer_broad_spectrum_spf_30,bareminerals,moisturizer,bareminerals_complexion_rescue_tinted_moisturizer_broad_spectrum_spf_30,,,,,,,,,,"Coconut Alkanes;Propanediol;Squalane;Trehalose;Isostearic Acid;Glycerin;Silica;Agar;Caprylic/Capric Triglyceride;Globularia Cordifolia Callus Culture Extract;Salicornia Herbacea Extract;Melilotus Officinalis Extract;Coco-Caprylate/Caprate;Butylene Glycol;Lauroyl Lysine;Sodium Hyaluronate;Succinoglycan;Polysorbate 60;Cellulose Gum;Polyglyceryl-4 Laurate/Succinate;Sorbitan Sesquiisostearate;Magnesium Stearate;Magnesium Hydroxide;Magnesium Chloride;Potassium Chloride;Calcium Chloride;Potassium Sorbate;Phenoxyethanol, May Contain: Titanium Dioxide;Iron Oxides,",,,,,,,,,,moisturizer,nan
Moisturizer,SHISEIDO,Bio-Performance Advanced Super Revitalizing Cream,78,4.6,"Water, Glycerin, Cyclomethicone, Butylene Glycol, Dimethicone, Cetyl Octanoate, Squalane, Dimethicone Copolyol, Disteardimonium Hectorite, Hydrogenated C6-14 Olefin Polymers, PEG-150, Mortierella Oil, Phytosteryl Macadamiate, Tocopheryl Acetate, Stearyl Glycyrrhetinate, Arginine HCI, PEG-60 Hydrogenated Castor Oil, Sodium Glutamate, Disodium Adenosine Triphosphate, Saccharomyces Lysate Extract, Sodium Acetylated Hyaluronate, Rosa Roxburghii Extract, Octyl Methoxycinnamate, Agar, Sodium Hexametaphosphate, Trisodium EDTA, Tocopherol, BHT, Ethylparaben, Butylparaben, Methylparaben, Fragrance, Iron Oxides.",0,0,0,0,0,bio_performance_advanced_super_revitalizing_cream,shiseido,moisturizer,shiseido_bio_performance_advanced_super_revitalizing_cream,0.0,336.0,15036.0,4.5893,1.7,Moisturizers,48.24,1.37,2.23,"Glycerin;Cyclomethicone;Butylene Glycol;Dimethicone;Cetyl Octanoate;Squalane;Dimethicone Copolyol;Disteardimonium Hectorite;Hydrogenated C6-14 Olefin Polymers;PEG-150;Mortierella Oil;Phytosteryl Macadamiate;Tocopheryl Acetate;Stearyl Glycyrrhetinate;Arginine HCI;PEG-60 Hydrogenated Castor Oil;Sodium Glutamate;Disodium Adenosine Triphosphate;Saccharomyces Lysate Extract;Sodium Acetylated Hyaluronate;Rosa Roxburghii Extract;Octyl Methoxycinnamate;Agar;Sodium Hexametaphosphate;Trisodium EDTA;Tocopherol;BHT;Ethylparaben;Butylparaben;Methylparaben;Fragrance;Iron Oxides,",0.0,336.0,15036.0,4.5893,1.7,Moisturizers,48.24,1.37,2.23,moisturizer,High (13k - 26k)
Moisturizer,FRESH,Black Tea Firming Overnight Mask,92,4.1,"Water, Glycerin, Butylene Glycol, Jojoba Esters, Isohexadecane, Ammonium Acryloyldimethyltaurate/Vp Copolymer, Dicaprylyl Carbonate, Camellia Oleifera Seed Oil, Pentylene Glycol, Ethylhexyl Palmitate, Mirabilis Jalapa Extract, Glyceryl Stearate, Steareth-21, Caprylic/Capric Triglyceride, Dimethicone, Oxidized Corn Oil, Butyrospermum Parkii (Shea Butter), Cera Alba (Beeswax), Kigelia, Africana Fruit Extract, Saccharomyces Ferment Filtrate, Camellia Sinensis Leaf Extract, Rubus Fruticosus (Blackberry) Leaf Extract, Litichi Chinensis Seed Extract, Rosa Damascena Flower Oil, Sodium Hyaluronate, Adenosine, Tocopheryl Acetate, Tocopherol, Ceteareth-20, Behenyl Alcohol, Fragrance, Ceteareth-12, Cetearyl Alcohol, Sodium Citrate, Sodium Polyacrylate Starch, Sodium Polyacrylate, Sorbitan Laurate, Disodium Edta, Maltodextrin, Silica, Tetrasodium Edta, Hydroxyethylcellulose, Acetyl Dipeptide-1 Cetyl Ester, Citric Acid, Ci 77891 (Titanium Dioxide), BHT, Potassium Sorbate, Biotin, Phenoxyethanol, Linalool, Citronellol, Geraniol.",1,1,1,0,0,black_tea_firming_overnight_mask,fresh,moisturizer,fresh_black_tea_firming_overnight_mask,0.0,372.0,42432.0,4.1183,3.3,Moisturizers,27.88,1.11,0.88,"Glycerin;Butylene Glycol;Jojoba Esters;Isohexadecane;Ammonium Acryloyldimethyltaurate/Vp Copolymer;Dicaprylyl Carbonate;Camellia Oleifera Seed Oil;Pentylene Glycol;Ethylhexyl Palmitate;Mirabilis Jalapa Extract;Glyceryl Stearate;Steareth-21;Caprylic/Capric Triglyceride;Dimethicone;Oxidized Corn Oil;Butyrospermum Parkii (Shea Butter);Cera Alba (Beeswax);Kigelia;Africana Fruit Extract;Saccharomyces Ferment Filtrate;Camellia Sinensis Leaf Extract;Rubus Fruticosus (Blackberry) Leaf Extract;Litichi Chinensis Seed Extract;Rosa Damascena Flower Oil;Sodium Hyaluronate;Adenosine;Tocopheryl Acetate;Tocopherol;Ceteareth-20;Behenyl Alcohol;Fragrance;Ceteareth-12;Cetearyl Alcohol;Sodium Citrate;Sodium Polyacrylate Starch;Sodium Polyacrylate;Sorbitan Laurate;Disodium Edta;Maltodextrin;Silica;Tetrasodium Edta;Hydroxyethylcellulose;Acetyl Dipeptide-1 Cetyl Ester;Citric Acid;Ci 77891 (Titanium Dioxide);BHT;Potassium Sorbate;Biotin;Phenoxyethanol;Linalool;Citronellol;Geraniol,",0.0,372.0,42432.0,4.1183,3.3,Moisturizers,27.88,1.11,0.88,moisturizer,Very High (26k - 193k)
Moisturizer,BELIF,The True Cream Moisturizing Bomb,38,4.6,"Water, Glycerin, Cyclohexasiloxane, Hydrogenated Polydecene, Dipropylene Glycol, Macadamia Ternifolia Seed Oil, 1,2-Hexanediol, Bis-PEG-18 Methyl Ether Dimethyl Silane, Triethylhexanoin, Stearyl Alcohol, Glyceryl Stearate, Pentaerythrityl Tetraethylhexanoate, PEG-40 Stearate, Saccharomyces/Viscum Album (Mistletoe) Ferment Extract, Lactobacillus/Soybean Ferment Extract, Saccharomyces/Imperata Cylindrica Root Ferment Extract, Cetearyl Alcohol, Ceteayl Olivate, Sorbitan Olivate, Hydrogenated Lecithin, Sorbitan Stearate, Stearic Acid, PEG-100 Stearate, Dimethicone, Dimethicone/Vinyl Dimethicone Crosspolymer, Poncirus Trifoliata Fruit Extract, Panthenol, *Avena Sativa (Oat) Kernel Extract, *Calendula Officinalis Flower Extract, *Nepeta Cataria Extract, *Rubus Idaeus (Raspberry) Leaf Extract, *Baptisia Tinctoria Root Extract, *Stellaria Media (Chickweed) Extract, **Alchemilla Vulgaris Leaf Extract, **Viola Tricolor Extract, **Rosa Damascena Flower Extract, **Spiraea Ulmaria Flower Extract, **Althaea Officinalis Root Extract, Symphytum Officinale Leaf Extract, Trifolium Pratense (Clover) Flower Extract, Achillea Millefolium Flower Extract, Euphrasia Officinalis Extract, Thuja Occidentalis Leaf Extract, Menyanthes Trifoliata Leaf Extract, Salix Alba (Willow) Bark Extract, Chelidonium Majus Extract, Urea, Hydroxyethylpiperazine Ethane Sulfonic Acid, Glycosyl Trehalose, Hydrogenated Starch Hydrolysate, Acrylates/C10-30 Alkyl Acrylate Crosspolymer, Carbomer, Xanthan Gum, Trisodium EDTA, Tromethamine, ***Frgrance, Citronnellol, Limonene. *Napiers Original Formula. **Napiers Moisture Formula. ***Fragrances of Natural Origin.",0,1,1,0,0,the_true_cream_moisturizing_bomb,belif,moisturizer,belif_the_true_cream_moisturizing_bomb,0.0,1000.0,72877.0,4.5539,1.68,Moisturizers,22.62,0.46,1.37,"Glycerin;Cyclohexasiloxane;Hydrogenated Polydecene;Dipropylene Glycol;Macadamia Ternifolia Seed Oil;1,2-Hexanediol;Bis-PEG-18 Methyl Ether Dimethyl Silane;Triethylhexanoin;Stearyl Alcohol;Glyceryl Stearate;Pentaerythrityl Tetraethylhexanoate;PEG-40 Stearate;Saccharomyces/Viscum Album (Mistletoe) Ferment Extract;Lactobacillus/Soybean Ferment Extract;Saccharomyces/Imperata Cylindrica Root Ferment Extract;Cetearyl Alcohol;Ceteayl Olivate;Sorbitan Olivate;Hydrogenated Lecithin;Sorbitan Stearate;Stearic Acid;PEG-100 Stearate;Dimethicone;Dimethicone/Vinyl Dimethicone Crosspolymer;Poncirus Trifoliata Fruit Extract;Panthenol;*Avena Sativa (Oat) Kernel Extract;*Calendula Officinalis Flower Extract;*Nepeta Cataria Extract;*Rubus Idaeus (Raspberry) Leaf Extract;*Baptisia Tinctoria Root Extract;*Stellaria Media (Chickweed) Extract;**Alchemilla Vulgaris Leaf Extract;**Viola Tricolor Extract;**Rosa Damascena Flower Extract;**Spiraea Ulmaria Flower Extract;**Althaea Officinalis Root Extract;Symphytum Officinale Leaf Extract;Trifolium Pratense (Clover) Flower Extract;Achillea Millefolium Flower Extract;Euphrasia Officinalis Extract;Thuja Occidentalis Leaf Extract;Menyanthes Trifoliata Leaf Extract;Salix Alba (Willow) Bark Extract;Chelidonium Majus Extract;Urea;Hydroxyethylpiperazine Ethane Sulfonic Acid;Glycosyl Trehalose;Hydrogenated Starch Hydrolysate;Acrylates/C10-30 Alkyl Acrylate Crosspolymer;Carbomer;Xanthan Gum;Trisodium EDTA;Tromethamine;***Frgrance;Citronnellol;Limonene, *Napiers Original Formula, **Napiers Moisture Formula, ***Fragrances of Natural Origin,",0.0,1000.0,72877.0,4.5539,1.68,Moisturizers,22.62,0.46,1.37,moisturizer,Very High (26k - 193k)
Moisturizer,CHARLOTTE TILBURY,Charlotte's Magic Cream,100,4.4,"Water, Homosalate , Glyceryl Stearate SE, Ethylhexyl Salicylate, Butylene Glycol, Glycerin, Butyl Methoxydibenzoylmethane, Octocrylene, Cetyl Alcohol, C12-15 Alkyl Benzoate, Cyclopentasiloxane, Dimethicone, Phenoxyethanol, Butyrospermum Parkii (Shea) Butter, Steareth-21, Avena Sativa (Oat) Kernel Extract, Carbomer, Dimethiconol, Potassium Cetyl Phosphate, Chlorphenesin, Caprylyl Glycol, Xanthan Gum, Hydrolyzed Viola Tricolor Extract, Allantoin, Aloe Barbadensis Leaf Juice, Disodium Edta, Tocopheryl Acetate, Camellia Oleifera Seed Oil, Rosa Canina Fruit Oil, Rosa Damascena Flower Water, Sodium Hydroxide, Helianthus Annuus (Sunflower) Seed Oil, Michelia Alba Leaf Oil, Sodium Lactate, Coco-Glucoside, PEG-8, Ethylhexylglycerin, Sodium Hyaluronate, Tocopherol, Palmitoyl Oligopeptide, Palmitoyl Tetrapeptide-7, Ascorbyl Palmitate, Plumeria Rubra Flower Extract, Ascorbic Acid, Citric Acid, Nicotiana Sylvestris Leaf Cell Culture, Linalool, Citronellol, Geraniol.",0,0,0,0,0,charlotte's_magic_cream,charlotte_tilbury,moisturizer,charlotte_tilbury_charlotte's_magic_cream,0.0,499.0,14067.0,4.2986,1.7,Moisturizers,58.82,0.86,3.55,"Homosalate;Glyceryl Stearate SE;Ethylhexyl Salicylate;Butylene Glycol;Glycerin;Butyl Methoxydibenzoylmethane;Octocrylene;Cetyl Alcohol;C12-15 Alkyl Benzoate;Cyclopentasiloxane;Dimethicone;Phenoxyethanol;Butyrospermum Parkii (Shea) Butter;Steareth-21;Avena Sativa (Oat) Kernel Extract;Carbomer;Dimethiconol;Potassium Cetyl Phosphate;Chlorphenesin;Caprylyl Glycol;Xanthan Gum;Hydrolyzed Viola Tricolor Extract;Allantoin;Aloe Barbadensis Leaf Juice;Disodium Edta;Tocopheryl Acetate;Camellia Oleifera Seed Oil;Rosa Canina Fruit Oil;Rosa Damascena Flower Water;Sodium Hydroxide;Helianthus Annuus (Sunflower) Seed Oil;Michelia Alba Leaf Oil;Sodium Lactate;Coco-Glucoside;PEG-8;Ethylhexylglycerin;Sodium Hyaluronate;Tocopherol;Palmitoyl Oligopeptide;Palmitoyl Tetrapeptide-7;Ascorbyl Palmitate;Plumeria Rubra Flower Extract;Ascorbic Acid;Citric Acid;Nicotiana Sylvestris Leaf Cell Culture;Linalool;Citronellol;Geraniol,",0.0,499.0,14067.0,4.2986,1.7,Moisturizers,58.82,0.86,3.55,moisturizer,High (13k - 26k)
Moisturizer,DRUNK ELEPHANT,Virgin Marula Luxury Facial Oil Mini,40,4.5,100% Unrefined Sclerocraya Birrea (Marula) Kernel Oil.,1,1,1,1,0,virgin_marula_luxury_facial_oil_mini,drunk_elephant,moisturizer,drunk_elephant_virgin_marula_luxury_facial_oil_mini,,,,,,,,,,"100% Unrefined Sclerocraya Birrea (Marula) Kernel Oil,",,,,,,,,,,moisturizer,nan
Moisturizer,ORIGINS,Dr. Andrew Weil For Origins™ Mega-Mushroom Relief & Resilience Soothing Treatment Lotion,34,4.4,"Water, Butylene Glycol, PEG-4, Citrus Aurantium Dulcis (Orange) Oil**, Lavandula Angustifolia (Lavender) Oil**, Pogostemon Cablin (Patchouli) Oil**, Citrus Nobilis (Mandarin Orange) Peel Oil**, Pelargonium Graveolens Flower Oil**, Boswellia Carterii (Olibanum) Oil***, Limonene, Linalool, Citronellol, Geraniol, Ganoderma Lucidum (Reishi Mushroom) Extract, Fuscoporia Obliqua Sclerotium Extract, Cordyceps Sinensis (Mushroom) Extract, Ergothioneine, Camelina Sativa Seed Oil, Lactobacillus Ferment, Hippophae Rhamnoides Extract*, Zingiber Officinale (Ginger) Root Extract*, Curcuma Longa (Turmeric) Root Extract*, Ocimum Sanctum (Holy Basil) Leaf Extract, Helianthus Annuus (Sunflower) Seed Oil*, Silybum Marianum Fruit Extract, Saccharomyces Lysate Extract, Centella Asiatica (Hydrocotyl) Extract, Hypnea Musciformis (Algae) Extract, Caffeine, Sucrose*, Salvia Sclarea (Clary) Extract, Saccharomyces Ferment Filtrate, PEG-40 Hydrogenated Castor Oil, Gellidiella Acerosa Extract, Trideceth-9, Glycerin, Glycereth-26, Polysorbate 20, Sodium Hyaluronate, Tocopheryl Acetate, Maltodextrin, Pentylene Glycol, Sodium Hydroxide, Citric Acid, Potassium Sorbate, Phenoxyethanol.",1,1,1,1,1,dr._andrew_weil_for_origins_mega_mushroom_relief_resilience_soothing_treatment_lotion,origins,moisturizer,origins_dr._andrew_weil_for_origins_mega_mushroom_relief_resilience_soothing_treatment_lotion,,,,,,,,,,"Butylene Glycol;PEG-4;Citrus Aurantium Dulcis (Orange) Oil**;Lavandula Angustifolia (Lavender) Oil**;Pogostemon Cablin (Patchouli) Oil**;Citrus Nobilis (Mandarin Orange) Peel Oil**;Pelargonium Graveolens Flower Oil**;Boswellia Carterii (Olibanum) Oil***;Limonene;Linalool;Citronellol;Geraniol;Ganoderma Lucidum (Reishi Mushroom) Extract;Fuscoporia Obliqua Sclerotium Extract;Cordyceps Sinensis (Mushroom) Extract;Ergothioneine;Camelina Sativa Seed Oil;Lactobacillus Ferment;Hippophae Rhamnoides Extract*;Zingiber Officinale (Ginger) Root Extract*;Curcuma Longa (Turmeric) Root Extract*;Ocimum Sanctum (Holy Basil) Leaf Extract;Helianthus Annuus (Sunflower) Seed Oil*;Silybum Marianum Fruit Extract;Saccharomyces Lysate Extract;Centella Asiatica (Hydrocotyl) Extract;Hypnea Musciformis (Algae) Extract;Caffeine;Sucrose*;Salvia Sclarea (Clary) Extract;Saccharomyces Ferment Filtrate;PEG-40 Hydrogenated Castor Oil;Gellidiella Acerosa Extract;Trideceth-9;Glycerin;Glycereth-26;Polysorbate 20;Sodium Hyaluronate;Tocopheryl Acetate;Maltodextrin;Pentylene Glycol;Sodium Hydroxide;Citric Acid;Potassium Sorbate;Phenoxyethanol,",1.0,1.0,308.0,5.0,1.7,,40.0,500.0,0.32,moisturizer,nan
Moisturizer,CLINIQUE,Dramatically Different Moisturizing Lotion+,28,3.9,"Water , Mineral Oil/Paraffinum Liquidum/Huile Minerale , Glycerin , Petrolatum , Stearic Acid , Glyceryl Stearate , Sesamum Indicum (Sesame) Oil , Urea , Lanolin Alcohol , Triethanolamine , Hordeum Vulgare (Barley) Extract/Extrait D'Orge , Cucumis Sativus (Cucumber) Fruit Extract , Helianthus Annuus (Sunflower) Seedcake , Propylene Glycol Dicaprate , Sodium Hyaluronate , Butylene Glycol , Pentylene Glycol , Trisodium Edta , Phenoxyethanol , Yellow 6 (Ci 15985) , Yellow 5 (Ci 19140) , Red 33 (Ci 17200)",1,1,0,0,0,dramatically_different_moisturizing_lotion,clinique,moisturizer,clinique_dramatically_different_moisturizing_lotion,0.0,1000.0,67346.0,3.8784,4.2,Moisturizers,6.67,0.39,1.48,Mineral Oil/Paraffinum Liquidum/Huile Minerale;Glycerin;Petrolatum;Stearic Acid;Glyceryl Stearate;Sesamum Indicum (Sesame) Oil;Urea;Lanolin Alcohol;Triethanolamine;Hordeum Vulgare (Barley) Extract/Extrait D'Orge;Cucumis Sativus (Cucumber) Fruit Extract;Helianthus Annuus (Sunflower) Seedcake;Propylene Glycol Dicaprate;Sodium Hyaluronate;Butylene Glycol;Pentylene Glycol;Trisodium Edta;Phenoxyethanol;Yellow 6 (Ci 15985);Yellow 5 (Ci 19140);Red 33 (Ci 17200),0.0,1000.0,67346.0,3.8784,4.2,Moisturizers,6.67,0.39,1.48,moisturizer,Very High (26k - 193k)
Moisturizer,SK-II,GenOptics Aura Essence Serum,240,4.1,"Water, Galactomyces Ferment Filtrate (Pitera), Niacinamide, Butylene Glycol, Triethylhexanoin, Pentylene Glycol, Glycerin, Nylon-12, Phytosteryl/Octyldodecyl Lauroyl Glutamate, Polymethylsilsesquioxane, Boron Nitride, Panthenol, PEG-20 Sorbitan Cocoate, Inositol, Caprylic/Capric Triglyceride, Mica, Phenoxyethanol, Acrylates/C10-30 Alkyl Acrylate Crosspolymer, PEG-11 Methyl Ether Dimethicone, Polyacrylamide, Aminomethyl Propanol, Undecylenoyl Phenylalanine, Benzyl Alcohol, C13-14 Isoparaffin, Disodium EDTA, Hydrolyzed Prunus Domestica, Xanthan Gum, Sodium Benzoate, Hexyldecanol, Laureth-7, Citrus Reticulata Peel Extract/Citrus Reticulata (Tangerine) Peel Extract, Methylparaben, Ascorbyl Glucoside, Prunus Mume Fruit Extract, Tocopherol, Fragrance, Limonene, Citronellol, Linalool, Geraniol, Ci 77891 (Titanium Dioxide).",1,1,1,1,1,genoptics_aura_essence_serum,sk_ii,moisturizer,sk_ii_genoptics_aura_essence_serum,0.0,109.0,9090.0,4.0826,1.6,Moisturizers,150.0,3.75,1.2,"Galactomyces Ferment Filtrate (Pitera);Niacinamide;Butylene Glycol;Triethylhexanoin;Pentylene Glycol;Glycerin;Nylon-12;Phytosteryl/Octyldodecyl Lauroyl Glutamate;Polymethylsilsesquioxane;Boron Nitride;Panthenol;PEG-20 Sorbitan Cocoate;Inositol;Caprylic/Capric Triglyceride;Mica;Phenoxyethanol;Acrylates/C10-30 Alkyl Acrylate Crosspolymer;PEG-11 Methyl Ether Dimethicone;Polyacrylamide;Aminomethyl Propanol;Undecylenoyl Phenylalanine;Benzyl Alcohol;C13-14 Isoparaffin;Disodium EDTA;Hydrolyzed Prunus Domestica;Xanthan Gum;Sodium Benzoate;Hexyldecanol;Laureth-7;Citrus Reticulata Peel Extract/Citrus Reticulata (Tangerine) Peel Extract;Methylparaben;Ascorbyl Glucoside;Prunus Mume Fruit Extract;Tocopherol;Fragrance;Limonene;Citronellol;Linalool;Geraniol;Ci 77891 (Titanium Dioxide),",0.0,109.0,9090.0,4.0826,1.6,Moisturizers,150.0,3.75,1.2,moisturizer,Medium (7k - 13k)
Moisturizer,FRESH,Black Tea Kombucha Antioxidant Essence,68,4.4,"Water, Saccha-romyces Ferment Filtrate, Glycerin, Ca-mellia Sinensis Leaf Extract, PentyleneGlycol, Polyglycerin-3, Kigelia AfricanaFruit Extract, Citrus Unshiu Peel Extract,Sodium Hyaluronate, Adenosine, To-copheryl Acetate, Tocopherol, ButyleneGlycol, Diglycerin, PEG-60 Hydrogenat-ed Castor Oil, Sodium Benzoate, Fragrance, Disodium EDTA, Hy-droxyethylcellulose, Sodium Citrate,BHT, Citric Acid, Potassium Sorbate, Biotin, Phenoxyethanol, Linalool,Citronellol, Geraniol.",0,0,0,0,0,black_tea_kombucha_antioxidant_essence,fresh,moisturizer,fresh_black_tea_kombucha_antioxidant_essence,0.0,275.0,35942.0,4.4073,5.0,Moisturizers,13.6,1.6,0.77,"Saccha-romyces Ferment Filtrate;Glycerin;Ca-mellia Sinensis Leaf Extract;PentyleneGlycol;Polyglycerin-3;Kigelia AfricanaFruit Extract;Citrus Unshiu Peel Extract;Sodium Hyaluronate;Adenosine;To-copheryl Acetate;Tocopherol;ButyleneGlycol;Diglycerin;PEG-60 Hydrogenat-ed Castor Oil;Sodium Benzoate;Fragrance;Disodium EDTA;Hy-droxyethylcellulose;Sodium Citrate;BHT;Citric Acid;Potassium Sorbate;Biotin;Phenoxyethanol;Linalool;Citronellol;Geraniol,",0.0,275.0,35942.0,4.4073,5.0,Moisturizers,13.6,1.6,0.77,moisturizer,Very High (26k - 193k)
Moisturizer,TATCHA,Pure One Step Camellia Cleansing Oil,48,4.5,"Cetyl Ethylhexanoate, Oryza Sativa (Rice) Bran Oil, Polyglyceryl-10 Dioleate, Polyglyceryl-2 Sesquicaprylate, Camellia Japonica Seed Oil, Camellia Sinensis (Green Tea) Leaf Extract, Algae Extract, Water, Glyceryl Behenate/Eicosadioate, Glycerin, Ethylhexylglycerin, Fragrance (Natural), Alcohol, Phenoxyethanol.",1,1,1,1,1,pure_one_step_camellia_cleansing_oil,tatcha,moisturizer,tatcha_pure_one_step_camellia_cleansing_oil,,,,,,,,,,"Cetyl Ethylhexanoate;Oryza Sativa (Rice) Bran Oil;Polyglyceryl-10 Dioleate;Polyglyceryl-2 Sesquicaprylate;Camellia Japonica Seed Oil;Camellia Sinensis (Green Tea) Leaf Extract;Algae Extract;Glyceryl Behenate/Eicosadioate;Glycerin;Ethylhexylglycerin;Fragrance (Natural);Alcohol;Phenoxyethanol,",1.0,1000.0,72453.0,4.5224,5.1,Moisturizers,9.41,0.45,1.38,moisturizer,nan
Moisturizer,OLEHENRIKSEN,Sheer Transformation® Perfecting Moisturizer,38,4.2,Visit the OLEHENRIKSEN boutique,1,1,1,1,1,sheer_transformation_perfecting_moisturizer,olehenriksen,moisturizer,olehenriksen_sheer_transformation_perfecting_moisturizer,0.0,2000.0,62322.0,4.2227,1.7,Moisturizers,23.53,0.21,3.21,Visit the OLEHENRIKSEN boutique,0.0,2000.0,62322.0,4.2227,1.7,Moisturizers,23.53,0.21,3.21,moisturizer,Very High (26k - 193k)
Moisturizer,JOSIE MARAN,100 percent Pure Argan Oil,48,4.5,Organic Argania Spinosa (Argan) Kernel Oil*. *Organic. **Natural.,0,1,0,1,1,100_percent_pure_argan_oil,josie_maran,moisturizer,josie_maran_100_percent_pure_argan_oil,1.0,7000.0,122161.0,4.5261,1.7,Moisturizers,28.82,0.06,5.73,"Organic Argania Spinosa (Argan) Kernel Oil*, *Organic, **Natural,",1.0,7000.0,122161.0,4.5261,1.7,Moisturizers,28.82,0.06,5.73,moisturizer,Very High (26k - 193k)
Moisturizer,IT COSMETICS,Your Skin But Better CC+ Cream Oil-Free Matte with SPF 40,38,3.9,"Water, Dimethicone, Butylene Glycol Dicaprylate/Dicaprate, Butylene Glycol, Titanium Dioxide [Nano], Titanium Dioxide, Zinc Oxide, Cyclopentasiloxane, Dimethicone/Vinyl Dimethicone Crosspolymer, Butyloctyl Salicylate, Cetyl Peg/Ppg-10/1 Dimethicone, Snail Secretion Filtrate, Sodium Chloride, Bis-Diglyceryl Polyacyladipate-2, Aluminum Hydroxide, Stearic Acid, Disteardimonium Hectorite, Sorbitan Isostearate, Polyglyceryl-4 Isostearate, Hexyl Laurate, Triethoxycaprylylsilane, Triethyl Citrate, Ethyl Hexanediol, Sodium Benzoate, Potassium Sorbate, Polymethylsilsesquioxane, Tocopheryl Acetate, Phenoxyethanol, Disodium Edta, Canadian Colloidal Clay, Moroccan Lava Clay, Avena Sativa Kernel Extract, Oat Kernel Extract, Glycerin, Niacinamide, Curcuma Longa Root Extract, Turmeric Root Extract, Sulfur, Cholesterol, Anthemis Nobilis Flower Water, Perfluorohexane, Persea Gratissima Fruit Extract, Avocado Fruit Extract, Maltodextrin, 1,2-Hexanediol, Vitis Vinifera Seed Extract, Grape Seed Extract, Camellia Sinensis Leaf Extract, Salix Alba Bark Extract, Willow Bark Extract, Magnolia Kobus Bark Extract, Chrysanthemum Indicum Flower Extract, Pentaerythrityl Tetra-Di-T-Butyl Hydroxyhydrocinnamate, Glycine Soja Sprout Extract, Soybean Sprout Extract, Perfluorodecalin, Serica Extract, Silk Extract, Hydrolyzed Silk, Aloe Barbadensis Leaf Extract, Perfluoromethylcyclopentane, Citric Acid, Olea Europaea (Olive) Leaf Extract, Artemisia Princeps Leaf Extract, Cinnamomum Cassia Bark Extract, Pueraria Lobata Root Extract, Diospyros Kaki Leaf Extract, Morus Alba Fruit Extract, Steareth-20, Melaleuca Alternifolia Flower/Leaf/Stem Extract - Tea Tree Flower/Leaf/Stem Extract, Punica Granatum Fruit Juice, Hydrolyzed Collagen, Ethylhexylglycerin, Charcoal Powder, Lactobacillus/Honeysuckle Flower/Licorice Root/Morus Alba Root/Pueraria Lobata Root/Schisandra Chinensis Fruit/Scutellaria Baicalensis Root/Sophora Japonica Flower Extract Ferment Filtrate, Chlorhexidine Digluconate, N-Hydroxysuccinimide, Palmitoyl Tripeptide-1, Hydrolyzed Hyaluronic Acid, Chrysin, Palmitoyl Tetrapeptide-7, [+/- May Contain: Ci 77491, Ci 77492, Ci 77499, Iron Oxides, Ci 77891, Titanium Dioxide].",1,1,1,1,0,your_skin_but_better_cc_cream_oil_free_matte_with_spf_40,it_cosmetics,moisturizer,it_cosmetics_your_skin_but_better_cc_cream_oil_free_matte_with_spf_40,,,,,,,,,,"Dimethicone;Butylene Glycol Dicaprylate/Dicaprate;Butylene Glycol;Titanium Dioxide [Nano];Titanium Dioxide;Zinc Oxide;Cyclopentasiloxane;Dimethicone/Vinyl Dimethicone Crosspolymer;Butyloctyl Salicylate;Cetyl Peg/Ppg-10/1 Dimethicone;Snail Secretion Filtrate;Sodium Chloride;Bis-Diglyceryl Polyacyladipate-2;Aluminum Hydroxide;Stearic Acid;Disteardimonium Hectorite;Sorbitan Isostearate;Polyglyceryl-4 Isostearate;Hexyl Laurate;Triethoxycaprylylsilane;Triethyl Citrate;Ethyl Hexanediol;Sodium Benzoate;Potassium Sorbate;Polymethylsilsesquioxane;Tocopheryl Acetate;Phenoxyethanol;Disodium Edta;Canadian Colloidal Clay;Moroccan Lava Clay;Avena Sativa Kernel Extract;Oat Kernel Extract;Glycerin;Niacinamide;Curcuma Longa Root Extract;Turmeric Root Extract;Sulfur;Cholesterol;Anthemis Nobilis Flower Water;Perfluorohexane;Persea Gratissima Fruit Extract;Avocado Fruit Extract;Maltodextrin;1,2-Hexanediol;Vitis Vinifera Seed Extract;Grape Seed Extract;Camellia Sinensis Leaf Extract;Salix Alba Bark Extract;Willow Bark Extract;Magnolia Kobus Bark Extract;Chrysanthemum Indicum Flower Extract;Pentaerythrityl Tetra-Di-T-Butyl Hydroxyhydrocinnamate;Glycine Soja Sprout Extract;Soybean Sprout Extract;Perfluorodecalin;Serica Extract;Silk Extract;Hydrolyzed Silk;Aloe Barbadensis Leaf Extract;Perfluoromethylcyclopentane;Citric Acid;Olea Europaea (Olive) Leaf Extract;Artemisia Princeps Leaf Extract;Cinnamomum Cassia Bark Extract;Pueraria Lobata Root Extract;Diospyros Kaki Leaf Extract;Morus Alba Fruit Extract;Steareth-20;Melaleuca Alternifolia Flower/Leaf/Stem Extract - Tea Tree Flower/Leaf/Stem Extract;Punica Granatum Fruit Juice;Hydrolyzed Collagen;Ethylhexylglycerin;Charcoal Powder;Lactobacillus/Honeysuckle Flower/Licorice Root/Morus Alba Root/Pueraria Lobata Root/Schisandra Chinensis Fruit/Scutellaria Baicalensis Root/Sophora Japonica Flower Extract Ferment Filtrate;Chlorhexidine Digluconate;N-Hydroxysuccinimide;Palmitoyl Tripeptide-1;Hydrolyzed Hyaluronic Acid;Chrysin;Palmitoyl Tetrapeptide-7;[+/- May Contain: Ci 77491;Ci 77492;Ci 77499;Iron Oxides;Ci 77891;Titanium Dioxide],",,,,,,,,,,moisturizer,nan
Moisturizer,FARSÁLI,Unicorn Essence Antioxidant Primer Serum,54,3.9,"Water, Propanediol, Glycerin, Polysorbate 20, Glyceryl Polyacrylate, Euterpe Oleracea (Açaí) Fruit Extract, Vaccinium Angustifolium (Blueberry) Fruit Extract, Lycium Barbarum (Goji) Fruit Extract, Sambucus Nigra (Elder Berry) Fruit Extract, Tamarindus Indica Seed Polysaccharide, Phenoxyethanol, Ethylhexylglycerin, Hydroxyethyl Acrylate/Sodium Acryloyldimethyl Taurate Copolymer, Vanilla Planifolia Fruit Extract, Citrus Aurantium Bergamia (Bergamot) Fruit Oil, Citrus Paradisi (Grapefruit) Peel Oil, Red 33, Red 4, Blue 1, Mica, Titanium Dioxide.",0,0,0,0,0,unicorn_essence_antioxidant_primer_serum,farsáli,moisturizer,farsáli_unicorn_essence_antioxidant_primer_serum,,,,,,,,,,"Propanediol;Glycerin;Polysorbate 20;Glyceryl Polyacrylate;Euterpe Oleracea (Açaí) Fruit Extract;Vaccinium Angustifolium (Blueberry) Fruit Extract;Lycium Barbarum (Goji) Fruit Extract;Sambucus Nigra (Elder Berry) Fruit Extract;Tamarindus Indica Seed Polysaccharide;Phenoxyethanol;Ethylhexylglycerin;Hydroxyethyl Acrylate/Sodium Acryloyldimethyl Taurate Copolymer;Vanilla Planifolia Fruit Extract;Citrus Aurantium Bergamia (Bergamot) Fruit Oil;Citrus Paradisi (Grapefruit) Peel Oil;Red 33;Red 4;Blue 1;Mica;Titanium Dioxide,",0.0,1000.0,133987.0,3.8928,1.0,Moisturizers,54.0,0.39,0.75,moisturizer,nan
Moisturizer,LANEIGE,Water Sleeping Mask,25,4.4,"Water, Butylene Glycol, Cyclopentasiloxane, Glycerin, Cyclohexasiloxane, Trehalose, Sodium Hyaluronate, Oenothera Biennis (Evening Primrose) Root Extract, Prunus Armeniaca (Apricot) Fruit Extract, Beta-Glucan, Chenopodium Quinoa Seed Extract, Ascorbyl Glucoside, Magnesium Sulfate, Zinc Sulfate, Manganese Sulfate, Calcium Chloride, Potassium Alginate, Ammonium Acryloyldimethyltaurate, VP Copolymer, Polysorbate 20, Dimethicone, Dimethiconol, Dimethicone, Vinyl Dimethicone Crosspolymer, Propanediol, Ethylhexylglycerin, Stearyl Behenate, Polyglyceryl-3 Methylglucose Distearate, Hydroxypropyl Bispalmitamide MEA, Inulin Lauryl Carbamate, Alcohol, 1,2-Hexanediol, Caprylyl Glycol, Carbomer, Tromethamine, Disodium EDTA, Phenoxyethanol, Fragrance, Blue 1 (Ci 42090).",1,1,1,1,1,water_sleeping_mask,laneige,moisturizer,laneige_water_sleeping_mask,0.0,1000.0,103268.0,4.3255,2.3,Moisturizers,10.87,0.43,0.97,"Butylene Glycol;Cyclopentasiloxane;Glycerin;Cyclohexasiloxane;Trehalose;Sodium Hyaluronate;Oenothera Biennis (Evening Primrose) Root Extract;Prunus Armeniaca (Apricot) Fruit Extract;Beta-Glucan;Chenopodium Quinoa Seed Extract;Ascorbyl Glucoside;Magnesium Sulfate;Zinc Sulfate;Manganese Sulfate;Calcium Chloride;Potassium Alginate;Ammonium Acryloyldimethyltaurate;VP Copolymer;Polysorbate 20;Dimethicone;Dimethiconol;Dimethicone;Vinyl Dimethicone Crosspolymer;Propanediol;Ethylhexylglycerin;Stearyl Behenate;Polyglyceryl-3 Methylglucose Distearate;Hydroxypropyl Bispalmitamide MEA;Inulin Lauryl Carbamate;Alcohol;1,2-Hexanediol;Caprylyl Glycol;Carbomer;Tromethamine;Disodium EDTA;Phenoxyethanol;Fragrance;Blue 1 (Ci 42090),",0.0,1000.0,103268.0,4.3255,2.3,Moisturizers,10.87,0.43,0.97,moisturizer,Very High (26k - 193k)
Moisturizer,LANEIGE,Water Bank Moisture Cream,35,4.4,"Water, Glycerin, Butylene Glycol, Squalane, Dimethicone, Pentaerythrityl Tetraethylhexanoate, BIS-PEG-18 Methyl Ether Dimethyl Silane, Dicaprylyl Ether, Cyclopentasiloxane, Sucrose Polystearate, Cyclohexasiloxane, Glyceryl Stearate, Urea, Chenopodium Quinoa Seed Extract, Salicornia Herbacea Extract, Magnesium Sulfate, Manganese Sulfate, Calcium Chloride, Zinc Sulfate, Sodium Hyaluronate, Limnanthes Alba (Meadowfoam) Seed Oil, Copper Tripeptide-1, Ceramide 3, Phytosphingosine, Niacinamide, Myristyl Myristate, Glyceryl Undecylenate, Acetyl Glucosamine, Cetearyl Alcohol, Cetyl Ethylhexanoate, Tocopherol, Propanediol, Stearic Acid, Ascorbyl Glucoside, Hydrogenated Lecithin, Xanthan Gum, Trisiloxane, Palmitic Acid, Potassium Cetyl Phosphate, Polyglyceryl-10 Stearate, Polyacrylate-13, Polyisobutene, Propylene Glycol, PEG-100 Stearate, Acrylates, C10-30 Alkyl Acrylate Crosspolymer, PEG-5 Rapeseed Sterol, Hydroxyethyl Acrylate, Sodium Acryloyldimethyl Taurate Copolymer, Hydrogenated Polyisobutene, Polysorbate 20, Tromethamine, Disodium EDTA, Glyceryl Caprylate, Ethylhexylglycerin, Fragrance.",0,1,1,0,1,water_bank_moisture_cream,laneige,moisturizer,laneige_water_bank_moisture_cream,0.0,734.0,29072.0,4.4005,1.6,Moisturizers,21.88,0.6,2.52,"Glycerin;Butylene Glycol;Squalane;Dimethicone;Pentaerythrityl Tetraethylhexanoate;BIS-PEG-18 Methyl Ether Dimethyl Silane;Dicaprylyl Ether;Cyclopentasiloxane;Sucrose Polystearate;Cyclohexasiloxane;Glyceryl Stearate;Urea;Chenopodium Quinoa Seed Extract;Salicornia Herbacea Extract;Magnesium Sulfate;Manganese Sulfate;Calcium Chloride;Zinc Sulfate;Sodium Hyaluronate;Limnanthes Alba (Meadowfoam) Seed Oil;Copper Tripeptide-1;Ceramide 3;Phytosphingosine;Niacinamide;Myristyl Myristate;Glyceryl Undecylenate;Acetyl Glucosamine;Cetearyl Alcohol;Cetyl Ethylhexanoate;Tocopherol;Propanediol;Stearic Acid;Ascorbyl Glucoside;Hydrogenated Lecithin;Xanthan Gum;Trisiloxane;Palmitic Acid;Potassium Cetyl Phosphate;Polyglyceryl-10 Stearate;Polyacrylate-13;Polyisobutene;Propylene Glycol;PEG-100 Stearate;Acrylates;C10-30 Alkyl Acrylate Crosspolymer;PEG-5 Rapeseed Sterol;Hydroxyethyl Acrylate;Sodium Acryloyldimethyl Taurate Copolymer;Hydrogenated Polyisobutene;Polysorbate 20;Tromethamine;Disodium EDTA;Glyceryl Caprylate;Ethylhexylglycerin;Fragrance,",0.0,734.0,29072.0,4.4005,1.6,Moisturizers,21.88,0.6,2.52,moisturizer,Very High (26k - 193k)
Moisturizer,SK-II,Facial Treatment Essence Mini,99,4.1,"Galactomyces Ferment Filtrate (Pitera), Butylene Glycol, Pentylene Glycol, Water, Sodium Benzoate, Methylparaben, Sorbic Acid.",1,1,1,1,1,facial_treatment_essence_mini,sk_ii,moisturizer,sk_ii_facial_treatment_essence_mini,0.0,70.0,18195.0,3.9571,,Moisturizers,,5.65,0.38,"Galactomyces Ferment Filtrate (Pitera);Butylene Glycol;Pentylene Glycol;Sodium Benzoate;Methylparaben;Sorbic Acid,",0.0,70.0,18195.0,3.9571,,Moisturizers,,5.65,0.38,moisturizer,High (13k - 26k)
Moisturizer,DR. JART+,Premium Beauty Balm SPF 45,39,4.2,#NAME?,0,0,0,0,0,premium_beauty_balm_spf_45,dr._jart,moisturizer,dr._jart_premium_beauty_balm_spf_45,0.0,2000.0,51471.0,4.2411,1.5,Moisturizers,26.0,0.21,3.89,#NAME?,0.0,2000.0,51471.0,4.2411,1.5,Moisturizers,26.0,0.21,3.89,moisturizer,Very High (26k - 193k)
Moisturizer,TATCHA,Luminous Dewy Skin Mist,48,4.0,"Water, Glycerin, Squalane (Olive Origin), Cyclopentasiloxane, Propanediol, Triethylhexanoin, Camellia Japonica Seed Oil, Inositol (Rice Extract), Algae Extract, Sericin (Silk Extract), Glycyrrhiza glabra (Licorice) Root Extract, Oryza Sativa (Rice) Germ Oil, Camellia Sinensis (Green Tea) Leaf Extract, Chondrus Crispus (Red algae) Extract, Panax Ginseng Root Extract, Royal Jelly Extract, Zizyphus Jujuba Fruit Extract, Thymus Serpillum (Thyme) Extract, Scutellaria Baicalensis Root Extract, Polyglyceryl-2 diisostearate, Ppg-5-Ceteth-10 Phosphate, Trideceth-12, Sodiumlauroyl Lactylate, Sorbitan Stearate, Ethylhexylglycerin, Behenyl Alcohol, Glyceryl Stearate Se, Fragrance, Sodium Hyaluronate, Alcohol, Phenoxyethanol.",1,1,1,0,1,luminous_dewy_skin_mist,tatcha,moisturizer,tatcha_luminous_dewy_skin_mist,1.0,1000.0,138462.0,3.9479,1.35,Moisturizers,35.56,0.39,0.72,"Glycerin;Squalane (Olive Origin);Cyclopentasiloxane;Propanediol;Triethylhexanoin;Camellia Japonica Seed Oil;Inositol (Rice Extract);Algae Extract;Sericin (Silk Extract);Glycyrrhiza glabra (Licorice) Root Extract;Oryza Sativa (Rice) Germ Oil;Camellia Sinensis (Green Tea) Leaf Extract;Chondrus Crispus (Red algae) Extract;Panax Ginseng Root Extract;Royal Jelly Extract;Zizyphus Jujuba Fruit Extract;Thymus Serpillum (Thyme) Extract;Scutellaria Baicalensis Root Extract;Polyglyceryl-2 diisostearate;Ppg-5-Ceteth-10 Phosphate;Trideceth-12;Sodiumlauroyl Lactylate;Sorbitan Stearate;Ethylhexylglycerin;Behenyl Alcohol;Glyceryl Stearate Se;Fragrance;Sodium Hyaluronate;Alcohol;Phenoxyethanol,",1.0,1000.0,138462.0,3.9479,1.35,Moisturizers,35.56,0.39,0.72,moisturizer,Very High (26k - 193k)
Moisturizer,SHISEIDO,Benefiance WrinkleResist24 Night Cream,63,4.4,"Water, Cetyl Ethylhexanoate, Glycerin, Butylene Glycol, Cetearyl Alcohol, Caprylic/Capric Triglyceride, Nylon-12, Phytosteryl Macadamiate, Glyceryl Stearate, Sd Alcohol 40-B (Alcohol Denat.), Isododecane, Dimethicone, Phenoxyethanol, Beheneth-20, Fragrance (Parfum), Peg/Ppg-17/4 Dimethyl Ether, Alcohol, Carbomer, Sodium Citrate, Trisodium Edta, Tocopheryl Acetate, Dipotassium Glycyrrhizate, Citric Acid, Potassium Hydroxide, Xanthan Gum, Butylphenyl Methylpropional, Sodium Metaphosphate, Limonene, Linalool, Citronellol, Sapindus Mukurossi Peel Extract (Sapindus Mukurossi), Alpha-Isomethyl Ionone, Geraniol, Benzyl Benzoate, Hexyl Cinnamal, Uncaria Gambir Extract (Uncaria Gambir), Sodium Acetylated Hyaluronate, Hydroxyproline, Iron Oxides (Ci 77491), Tocopherol, Hypericum Erectum Extract, Chlorella Vulgaris Extract.",0,1,1,0,0,benefiance_wrinkleresist24_night_cream,shiseido,moisturizer,shiseido_benefiance_wrinkleresist24_night_cream,0.0,248.0,15564.0,4.3629,1.7,Moisturizers,37.06,1.76,1.59,"Cetyl Ethylhexanoate;Glycerin;Butylene Glycol;Cetearyl Alcohol;Caprylic/Capric Triglyceride;Nylon-12;Phytosteryl Macadamiate;Glyceryl Stearate;Sd Alcohol 40-B (Alcohol Denat,);Isododecane;Dimethicone;Phenoxyethanol;Beheneth-20;Fragrance (Parfum);Peg/Ppg-17/4 Dimethyl Ether;Alcohol;Carbomer;Sodium Citrate;Trisodium Edta;Tocopheryl Acetate;Dipotassium Glycyrrhizate;Citric Acid;Potassium Hydroxide;Xanthan Gum;Butylphenyl Methylpropional;Sodium Metaphosphate;Limonene;Linalool;Citronellol;Sapindus Mukurossi Peel Extract (Sapindus Mukurossi);Alpha-Isomethyl Ionone;Geraniol;Benzyl Benzoate;Hexyl Cinnamal;Uncaria Gambir Extract (Uncaria Gambir);Sodium Acetylated Hyaluronate;Hydroxyproline;Iron Oxides (Ci 77491);Tocopherol;Hypericum Erectum Extract;Chlorella Vulgaris Extract,",0.0,248.0,15564.0,4.3629,1.7,Moisturizers,37.06,1.76,1.59,moisturizer,High (13k - 26k)
Moisturizer,CLINIQUE,Dramatically Different Moisturizing Gel,28,4.5,"Water , Dimethicone , Isododecane , Butylene Glycol , Bis-Peg-18 Methyl Ether Dimethyl Silane , Glycerin , Laminaria Saccharina Extract , Polygonum Cuspidatum Root Extract , Saccharomyces Lysate Extract , Cucumis Sativus (Cucumber) Fruit Extract , Hordeum Vulgare (Barley) Extract/Extrait D'Orge , Helianthus Annuus (Sunflower) Seedcake , Caffeine , Trehalose , Sodium Hyaluronate , Tocopheryl Acetate , Chamomilla Recutita (Matricaria) , Polysilicone-11 , Silica , Propylene Glycol Dicaprate , Oleth-10 , Lactobacillus Ferment , Laureth-23 , Laureth-4 , Ammonium Acryloyldimethyltaurate/Vp Copolymer , Carbomer , Caprylyl Glycol , Hexylene Glycol , Tromethamine , Disodium Edta , Phenoxyethanol , Potassium Sorbate , Yellow 5 (Ci 19140) , Red 4 (Ci 14700) , Yellow 6 (Ci 15985)",1,0,0,1,0,dramatically_different_moisturizing_gel,clinique,moisturizer,clinique_dramatically_different_moisturizing_gel,0.0,3000.0,76158.0,4.4662,,Moisturizers,,0.15,3.94,Dimethicone;Isododecane;Butylene Glycol;Bis-Peg-18 Methyl Ether Dimethyl Silane;Glycerin;Laminaria Saccharina Extract;Polygonum Cuspidatum Root Extract;Saccharomyces Lysate Extract;Cucumis Sativus (Cucumber) Fruit Extract;Hordeum Vulgare (Barley) Extract/Extrait D'Orge;Helianthus Annuus (Sunflower) Seedcake;Caffeine;Trehalose;Sodium Hyaluronate;Tocopheryl Acetate;Chamomilla Recutita (Matricaria);Polysilicone-11;Silica;Propylene Glycol Dicaprate;Oleth-10;Lactobacillus Ferment;Laureth-23;Laureth-4;Ammonium Acryloyldimethyltaurate/Vp Copolymer;Carbomer;Caprylyl Glycol;Hexylene Glycol;Tromethamine;Disodium Edta;Phenoxyethanol;Potassium Sorbate;Yellow 5 (Ci 19140);Red 4 (Ci 14700);Yellow 6 (Ci 15985),0.0,3000.0,76158.0,4.4662,,Moisturizers,,0.15,3.94,moisturizer,Very High (26k - 193k)
Moisturizer,OLEHENRIKSEN,Goodnight Glow Retin-ALT Sleeping Crème,55,4.3,"Water, Glycerin, Vitis Vinifera (Grape) Seed Oil, C12-15 Alkyl Benzoate, Dicaprylyl Carbonate, Butyrospermum Parkii (Shea) Butter, Cetearyl Alcohol, Lactic Acid, Glycolic Acid, Glyceryl Stearate, Potassium Hydroxide, Propanediol, Polysorbate 60, Panthenol, Dimethicone, Cetyl Alcohol, Parfum/Fragrance, Sodium Acrylate/Sodium Acryloyldimethyl Taurate Copolymer, Hydroxyacetophenone, Bakuchiol, Leontopodium Alpinum Callus Culture Extract, Isohexadecane, Linoleic Acid, Peg-75 Stearate, Phenoxyethanol, Cetearyl Glucoside, Polysorbate 80, Steareth-20, Ceteth-20, Linolenic Acid, Xanthan Gum, Citric Acid, Ethylhexylglycerin, Enteromorpha Compressa Extract, Sorbitan Oleate, Santalum Album (Sandalwood) Extract, Chamomilla Recutita (Matricaria) Flower Extract, Saccharum Officinarum (Sugar Cane) Extract, Citrus Limon (Lemon) Fruit Extract, Glycyrrhiza Glabra (Licorice) Root Extract, Leuconostoc/Radish Root Ferment Filtrate, Sodium Phytate, Silybum Marianum Fruit Extract, Ocimum Sanctum Leaf Extract, Tocopherol, Violet 2 (Ci 60730), Red 4 (Ci 14700), Limonene, Linalool, Citral.",1,1,1,1,0,goodnight_glow_retin_alt_sleeping_crème,olehenriksen,moisturizer,olehenriksen_goodnight_glow_retin_alt_sleeping_crème,,,,,,,,,,"Glycerin;Vitis Vinifera (Grape) Seed Oil;C12-15 Alkyl Benzoate;Dicaprylyl Carbonate;Butyrospermum Parkii (Shea) Butter;Cetearyl Alcohol;Lactic Acid;Glycolic Acid;Glyceryl Stearate;Potassium Hydroxide;Propanediol;Polysorbate 60;Panthenol;Dimethicone;Cetyl Alcohol;Parfum/Fragrance;Sodium Acrylate/Sodium Acryloyldimethyl Taurate Copolymer;Hydroxyacetophenone;Bakuchiol;Leontopodium Alpinum Callus Culture Extract;Isohexadecane;Linoleic Acid;Peg-75 Stearate;Phenoxyethanol;Cetearyl Glucoside;Polysorbate 80;Steareth-20;Ceteth-20;Linolenic Acid;Xanthan Gum;Citric Acid;Ethylhexylglycerin;Enteromorpha Compressa Extract;Sorbitan Oleate;Santalum Album (Sandalwood) Extract;Chamomilla Recutita (Matricaria) Flower Extract;Saccharum Officinarum (Sugar Cane) Extract;Citrus Limon (Lemon) Fruit Extract;Glycyrrhiza Glabra (Licorice) Root Extract;Leuconostoc/Radish Root Ferment Filtrate;Sodium Phytate;Silybum Marianum Fruit Extract;Ocimum Sanctum Leaf Extract;Tocopherol;Violet 2 (Ci 60730);Red 4 (Ci 14700);Limonene;Linalool;Citral,",0.0,211.0,28556.0,4.1185,1.7,Moisturizers,32.35,1.95,0.74,moisturizer,nan
Moisturizer,SUNDAY RILEY,U.F.O. Ultra-Clarifying Face Oil,80,4.2,"Silybum Marianum (Milk Thistle) Seed Oil, Nigella Sativa (Black Cumin) Seed Oil, Cucumis Sativus (Cucumber) Seed Oil, Diisopropyl Sebacate, Punica Granatum (Pomegranate) Seed Oil, Vaccinium Macrocarpon (Cranberry) Seed Oil, Dimethyl Isosorbide, Linum Usitatissimum (Flax) Seed Oil, Caprylic/Capric Triglycerides, Ethyl Linoleate, Hexylresorcinol, Glycyrrhiza Glabra (Licorice) Root Extract, Salicylic Acid, Prunus Armeniaca (Apricot) Kernel Oil, Chamomilla Recutita Flower Oil, Citrus Aurantium Amara (Neroli) Flower Oil, Melaleuca Alternifolia (Tea Tree) Leaf Oil, Helianthus Annuus Seed Oil, Rosmarinus Officinalis (Rosemary) Leaf Extract, Citrus Paradisii (Grapefruit) Peel Oil, Melia Azadirachta (Neem) Leaf Extract, Melia Azadirachta (Neem) Flower Extract, Coccinia Indica Fruit Extract, Amino Esters-1, Amber Leaf Extract, Solanum Melongena (Eggplant) Fruit Extract, Aloe Barbadensis Flower Extract, Lawsonia Inermis (Henna) Extract, Ocimum Sanctum Leaf Extract, Ocimum Basilicum (Basil) Leaf Extract, Curcuma Longa (Turmeric) Root Extract, Corallina Officinalis Extract, Simmondsia Chinensis (Jojoba) Seed Oil, Pearl Powder, Moringa Pterygosperma Seed Oil.",1,1,1,1,1,u.f.o._ultra_clarifying_face_oil,sunday_riley,moisturizer,sunday_riley_u.f.o._ultra_clarifying_face_oil,0.0,1000.0,81319.0,4.1595,1.18,Moisturizers,67.8,0.42,1.23,"Silybum Marianum (Milk Thistle) Seed Oil;Nigella Sativa (Black Cumin) Seed Oil;Cucumis Sativus (Cucumber) Seed Oil;Diisopropyl Sebacate;Punica Granatum (Pomegranate) Seed Oil;Vaccinium Macrocarpon (Cranberry) Seed Oil;Dimethyl Isosorbide;Linum Usitatissimum (Flax) Seed Oil;Caprylic/Capric Triglycerides;Ethyl Linoleate;Hexylresorcinol;Glycyrrhiza Glabra (Licorice) Root Extract;Salicylic Acid;Prunus Armeniaca (Apricot) Kernel Oil;Chamomilla Recutita Flower Oil;Citrus Aurantium Amara (Neroli) Flower Oil;Melaleuca Alternifolia (Tea Tree) Leaf Oil;Helianthus Annuus Seed Oil;Rosmarinus Officinalis (Rosemary) Leaf Extract;Citrus Paradisii (Grapefruit) Peel Oil;Melia Azadirachta (Neem) Leaf Extract;Melia Azadirachta (Neem) Flower Extract;Coccinia Indica Fruit Extract;Amino Esters-1;Amber Leaf Extract;Solanum Melongena (Eggplant) Fruit Extract;Aloe Barbadensis Flower Extract;Lawsonia Inermis (Henna) Extract;Ocimum Sanctum Leaf Extract;Ocimum Basilicum (Basil) Leaf Extract;Curcuma Longa (Turmeric) Root Extract;Corallina Officinalis Extract;Simmondsia Chinensis (Jojoba) Seed Oil;Pearl Powder;Moringa Pterygosperma Seed Oil,",0.0,1000.0,81319.0,4.1595,1.18,Moisturizers,67.8,0.42,1.23,moisturizer,Very High (26k - 193k)
Moisturizer,GLOW RECIPE,Watermelon Glow Sleeping Mask,45,4.1,"Water, Sodium Hyaluronate, Glycerin, Caulerpa Lentillifera (Seaweed) Extract, Simethicone, Citrullus Lanatus (Watermelon) Fruit, Silica, Propanediol, Glycolic Acid, Lactic Acid, Cucurbita Pepo (Pumpkin) Fruit Extract, Punica Granatum (Pomegranate) Fruit Extract, Musa Sapientum (Banana) Fruit Extract , Paeonia Suffruticosa (Peony) Root Extract, Glycyrrhiza Glabra (Licorice) Root Extract, Brassica Oleracea Capitata (Cabbage) Leaf Extract, Ipomoea Batatas (Sweet Potato) Root Extract, Betaine, Beta Glucan, Hydroxyethylcellulose, Xanthan Gum, Alcohol, Fragrance.",1,1,1,1,1,watermelon_glow_sleeping_mask,glow_recipe,moisturizer,glow_recipe_watermelon_glow_sleeping_mask,1.0,1000.0,170974.0,4.0466,2.7,Moisturizers,16.67,0.4,0.58,"Sodium Hyaluronate;Glycerin;Caulerpa Lentillifera (Seaweed) Extract;Simethicone;Citrullus Lanatus (Watermelon) Fruit;Silica;Propanediol;Glycolic Acid;Lactic Acid;Cucurbita Pepo (Pumpkin) Fruit Extract;Punica Granatum (Pomegranate) Fruit Extract;Musa Sapientum (Banana) Fruit Extract;Paeonia Suffruticosa (Peony) Root Extract;Glycyrrhiza Glabra (Licorice) Root Extract;Brassica Oleracea Capitata (Cabbage) Leaf Extract;Ipomoea Batatas (Sweet Potato) Root Extract;Betaine;Beta Glucan;Hydroxyethylcellulose;Xanthan Gum;Alcohol;Fragrance,",1.0,1000.0,170974.0,4.0466,2.7,Moisturizers,16.67,0.4,0.58,moisturizer,Very High (26k - 193k)
Moisturizer,HERBIVORE,Pink Cloud Rosewater Moisture Crème,48,4.6,"Water, Aloe Barbadensis (Aloe Vera) Leaf Juice, Helianthus Annuus (Sunflower) Seed Oil, Isoamyl Laurate, Rosa Damascena (Rose) Flower Water, Glyceryl Stearate Citrate, Cetearyl Alcohol, Glyceryl Caprylate, Populus Tremuloides (Aspen) Bark Extract, Aleurites Moluccana (Kukui) Nut Oil, Propanediol, Myrothamnus Flabellifolia Extract, Ascorbic Acid, Citric Acid, Glycerin, Cetearyl Alcohol, Cocos Nucifera (Coconut) Extract, Butyrospermum Parkii (Shea) Nut Butter, Oryza Sativa (Rice) Seed Extract, Camellia Sinensis (White Tea) Leaf Extract, Sodium Hyaluronate, Melia Azadirachta Flower Extract, Corallina Officinalis Extract, Coccinia Indica Fruit Extract, Melia Azadirachta Leaf Extract, Solanum Melongena (Eggplant) Fruit Extract, Aloe Barbadensis Flower Extract, Ocimum Sanctum Leaf Extract, Curcuma Longa (Turmeric) Root Extract, Rosmarinus Officinalis (Rosemary) Leaf Extract, Sclerotium Gum, Rosa Damascena (Rose) Flower Oil, Xanthan Gum, Sodium Phytate, Alcohol, Sodium Anisate.",1,1,1,1,1,pink_cloud_rosewater_moisture_crème,herbivore,moisturizer,herbivore_pink_cloud_rosewater_moisture_crème,,,,,,,,,,"Aloe Barbadensis (Aloe Vera) Leaf Juice;Helianthus Annuus (Sunflower) Seed Oil;Isoamyl Laurate;Rosa Damascena (Rose) Flower Water;Glyceryl Stearate Citrate;Cetearyl Alcohol;Glyceryl Caprylate;Populus Tremuloides (Aspen) Bark Extract;Aleurites Moluccana (Kukui) Nut Oil;Propanediol;Myrothamnus Flabellifolia Extract;Ascorbic Acid;Citric Acid;Glycerin;Cetearyl Alcohol;Cocos Nucifera (Coconut) Extract;Butyrospermum Parkii (Shea) Nut Butter;Oryza Sativa (Rice) Seed Extract;Camellia Sinensis (White Tea) Leaf Extract;Sodium Hyaluronate;Melia Azadirachta Flower Extract;Corallina Officinalis Extract;Coccinia Indica Fruit Extract;Melia Azadirachta Leaf Extract;Solanum Melongena (Eggplant) Fruit Extract;Aloe Barbadensis Flower Extract;Ocimum Sanctum Leaf Extract;Curcuma Longa (Turmeric) Root Extract;Rosmarinus Officinalis (Rosemary) Leaf Extract;Sclerotium Gum;Rosa Damascena (Rose) Flower Oil;Xanthan Gum;Sodium Phytate;Alcohol;Sodium Anisate,",1.0,999.0,52366.0,4.4585,1.7,Moisturizers,28.24,0.45,1.91,moisturizer,nan
Moisturizer,TARTE,Radiance Drops - Rainforest of the Sea™ Collection,32,3.7,"Neopentyl Glycol Diheptanoate, Isododecane, Jojoba Esters, Mica, Glyceryl Caprylate, Fragrance, Passiflora Edulis (Passion Fruit) Seed Oil, Jojoba Oil/Macadamia Seed Oil Esters, Limonene, Squalene, Tocopherol, Cocos Nucifera (Coconut) Oil, Phytosteryl Macadamiate, Phytosterols, Algae Extract, Gardenia Taitensis Flower, Titanium Dioxide (CI 77891), Iron Oxides (CI 77491), Carmine (CI 75470).",0,0,0,0,0,radiance_drops_rainforest_of_the_sea_collection,tarte,moisturizer,tarte_radiance_drops_rainforest_of_the_sea_collection,,,,,,,,,,"Neopentyl Glycol Diheptanoate;Isododecane;Jojoba Esters;Mica;Glyceryl Caprylate;Fragrance;Passiflora Edulis (Passion Fruit) Seed Oil;Jojoba Oil/Macadamia Seed Oil Esters;Limonene;Squalene;Tocopherol;Cocos Nucifera (Coconut) Oil;Phytosteryl Macadamiate;Phytosterols;Algae Extract;Gardenia Taitensis Flower;Titanium Dioxide (CI 77891);Iron Oxides (CI 77491);Carmine (CI 75470),",0.0,285.0,42358.0,3.7088,1.0,,32.0,1.3,0.67,moisturizer,nan
Moisturizer,SUNDAY RILEY,Tidal Brightening Enzyme Water Cream,65,4.2,"Water, Hydrolyzed Jojoba Esters, Glycerin, Caprylic/Capric Triglyceride,Propanediol, Sodium Hyaluronate Crosspolymer, Pentylene Glycol, Tamarindus Indica(Tamarind) Seed Gum, Ethyl Macadamiate, Sodium Acrylates Copolymer (and) Lecithin, Isododecane, Adipic Acid/Neopentyl Glycol Crosspolymer, Lauryl Dimethicone, Hydrogenated Polyisobutene, Strelitzia Nicolai (Bird of Paradise flower) Seed Aril Extract, Alpha-Arbutin, Aesculus Hippocastanum (Horse Chestnut) seed extract, Hydrolyzed Hyaluronic Acid, Allantoin, Papain (and) Carbomer 1 (and) 2-Hexanediol (and) Caprylyl Glycol (and) Algin, Cucumis Sativus (Cucumber) Extract, Melia Azadirachta (Neem) Leaf Extract (and) Melia Azadirachta Flower (Neem) Extract (and) Mimosa Terniflora Extract (and) Amber Extract (and) Coccinia Indica Fruit Extract (and) Solanum Melongena (Eggplant) Fruit Extract, Aloe Barbadensis Flower Extract (and) Lawsonia Inermis Extract (and) Ocimum Sanctum Leaf (Holy Basil) Extract, Pearl Powder, Synthetic Fluorphlogopite, Titanium Dioxide, Phenoxyethanol, Chlorphenesin.",1,1,1,0,1,tidal_brightening_enzyme_water_cream,sunday_riley,moisturizer,sunday_riley_tidal_brightening_enzyme_water_cream,0.0,1000.0,55171.0,4.1377,0.5,Moisturizers,44.0,0.41,1.81,"Hydrolyzed Jojoba Esters;Glycerin;Caprylic/Capric Triglyceride;Propanediol;Sodium Hyaluronate Crosspolymer;Pentylene Glycol;Tamarindus Indica(Tamarind) Seed Gum;Ethyl Macadamiate;Sodium Acrylates Copolymer (and) Lecithin;Isododecane;Adipic Acid/Neopentyl Glycol Crosspolymer;Lauryl Dimethicone;Hydrogenated Polyisobutene;Strelitzia Nicolai (Bird of Paradise flower) Seed Aril Extract;Alpha-Arbutin;Aesculus Hippocastanum (Horse Chestnut) seed extract;Hydrolyzed Hyaluronic Acid;Allantoin;Papain (and) Carbomer 1 (and) 2-Hexanediol (and) Caprylyl Glycol (and) Algin;Cucumis Sativus (Cucumber) Extract;Melia Azadirachta (Neem) Leaf Extract (and) Melia Azadirachta Flower (Neem) Extract (and) Mimosa Terniflora Extract (and) Amber Extract (and) Coccinia Indica Fruit Extract (and) Solanum Melongena (Eggplant) Fruit Extract;Aloe Barbadensis Flower Extract (and) Lawsonia Inermis Extract (and) Ocimum Sanctum Leaf (Holy Basil) Extract;Pearl Powder;Synthetic Fluorphlogopite;Titanium Dioxide;Phenoxyethanol;Chlorphenesin,",0.0,1000.0,55171.0,4.1377,0.5,Moisturizers,44.0,0.41,1.81,moisturizer,Very High (26k - 193k)
Moisturizer,CAUDALIE,Beauty Elixir,18,4.3,"Water, Alcohol*, Citrus Aurantium Amara (Bitter Orange) Flower Water*, Parfum (Fragrance)*, Rosmarinus Officinalis (Rosemary) Leaf Oil*, Potassium Alum, Glycerin*, Mentha Piperita (Peppermint) Oil*, Styrax Tonkinensis Resin Extract*, Commiphora Myrrha Resin Extract*, Melissa Officinalis (Balm Mint) Leaf Oil*, Rosa Damascena Flower Oil*, Vitis Vinifera (Grape) Fruit Extract*, Tocopherol*, Citral*, Limonene*, Linalool*, Citronellol*, Geraniol*, Farnesol*, Benzyl Benzoate*, Eugenol*. *Plant origin.",1,0,1,1,1,beauty_elixir,caudalie,moisturizer,caudalie_beauty_elixir,1.0,3000.0,80381.0,4.2971,1.0,Moisturizers,18.0,0.14,3.73,"Alcohol*;Citrus Aurantium Amara (Bitter Orange) Flower Water*;Parfum (Fragrance)*;Rosmarinus Officinalis (Rosemary) Leaf Oil*;Potassium Alum;Glycerin*;Mentha Piperita (Peppermint) Oil*;Styrax Tonkinensis Resin Extract*;Commiphora Myrrha Resin Extract*;Melissa Officinalis (Balm Mint) Leaf Oil*;Rosa Damascena Flower Oil*;Vitis Vinifera (Grape) Fruit Extract*;Tocopherol*;Citral*;Limonene*;Linalool*;Citronellol*;Geraniol*;Farnesol*;Benzyl Benzoate*;Eugenol*, *Plant origin,",1.0,3000.0,80381.0,4.2971,1.0,Moisturizers,18.0,0.14,3.73,moisturizer,Very High (26k - 193k)
Moisturizer,CAUDALIE,Grape Water,10,4.5,"Vitis Vinifera (Grape) Fruit Water*, Vitis Vinifera (Grape) Juice*, Nitrogen. *Plant origin.",1,1,1,1,1,grape_water,caudalie,moisturizer,caudalie_grape_water,1.0,1000.0,77843.0,4.46,,Moisturizers,,0.45,1.28,"Vitis Vinifera (Grape) Fruit Water*;Vitis Vinifera (Grape) Juice*;Nitrogen, *Plant origin,",1.0,1000.0,77843.0,4.46,,Moisturizers,,0.45,1.28,moisturizer,Very High (26k - 193k)
Moisturizer,YOUTH TO THE PEOPLE,Adaptogen Deep Moisture Cream,58,4.8,"Purified Water, Helianthus Annuus (Sunflower) Oil, Octyl Palmitate, Glyceryl Stearate, Propanediol, Stearic Acid, Rhodiola Rosea, Ocimum Tenuiflorum (Holy Basil), Withania Somnifera (Ashwagandha), Ganoderma Lucidum (Reishi Mushroom), Aloe Barbadensis Leaf Juice, Glyceryl Mono Laurate, Squalane (Olive), Phenoxyethanol, Simmondsia Chineses (Jojoba) Seed Oil, Pentapeptide-59, Hydrogenated Lecithin, Butyrospermum Parkii (Shea) Butter, Phenethyl Alcohol, Ethylhexylglycerin, Maltodextrin, Carbomer, Mixed Tocopherols, Ethylhexylglycerin, Allantoin, Panthenol, Prunus Amygdalus Dulcis (Sweet Almond) Oil, Borago Officinalis (Borage) Oil, Caramel Color, Xanthan Gum.",1,1,1,1,1,adaptogen_deep_moisture_cream,youth_to_the_people,moisturizer,youth_to_the_people_adaptogen_deep_moisture_cream,,,,,,,,,,"Helianthus Annuus (Sunflower) Oil;Octyl Palmitate;Glyceryl Stearate;Propanediol;Stearic Acid;Rhodiola Rosea;Ocimum Tenuiflorum (Holy Basil);Withania Somnifera (Ashwagandha);Ganoderma Lucidum (Reishi Mushroom);Aloe Barbadensis Leaf Juice;Glyceryl Mono Laurate;Squalane (Olive);Phenoxyethanol;Simmondsia Chineses (Jojoba) Seed Oil;Pentapeptide-59;Hydrogenated Lecithin;Butyrospermum Parkii (Shea) Butter;Phenethyl Alcohol;Ethylhexylglycerin;Maltodextrin;Carbomer;Mixed Tocopherols;Ethylhexylglycerin;Allantoin;Panthenol;Prunus Amygdalus Dulcis (Sweet Almond) Oil;Borago Officinalis (Borage) Oil;Caramel Color;Xanthan Gum,",,,,,,,,,,moisturizer,nan
Moisturizer,LA MER,The Renewal Oil,245,4.2,"Limnanthes Alba (Meadowfoam) Seed Oil, Dimethicone, Caprylic/Capric Triglyceride, Water, Trisiloxane, Prunus Amygdalus Dulcis (Sweet Almond) Oil, Simmondsia Chinensis (Jojoba) Seed Oil, Polydecene, Hydrogenated Polydecene, Butylene Glycol, Propanediol, Glycerin, Algae (Seaweed) Extract, Brassica Campestris (Rapeseed) Seed Oil, Helianthus Annuus (Sunflower) Seed Oil, Sesamum Indicum (Sesame) Seed Oil, Eucalyptus Globulus (Eucalyptus) Leaf Oil, Camelina Sativa Seed Oil, Oxycoccus Palustris (Cranberry) Seed Oil, Olea Europaea (Olive) Fruit Oil, Hippophae Rhamnoides Oil, Medicago Sativa (Alfalfa) Seed Powder, Helianthus Annuus (Sunflower) Seedcake, Prunus Amygdalus Dulcis (Sweet Almond) Seed Meal, Sodium Gluconate, Copper Gluconate, Calcium Gluconate, Magnesium Gluconate, Zinc Gluconate, Tocopheryl Succinate, Niacin, Sesamum Indicum (Sesame) Seed Powder, Laminaria Ochroleuca Extract, Laminaria Saccharina Extract, Hydrolyzed Algin, Sea Salt/Maris Sal/Sel Marin, Chlorella Vulgaris Extract, Salicornia Herbacea Extract, Sigesbeckia Orientalis (St. Paul'S Wort) Extract, Laminaria Digitata Extract, Rosmarinus Officinalis (Rosemary) Leaf Extract, Magnolia Officinalis Bark Extract, Yeast Extract/Faex/Extrait De Levure, Crithmum Maritimum Extract, Commiphora Mukul Resin Extract, Citrus Aurantifolia (Lime) Peel Extract, Molasses Extract/Saccharum Officinarum/Extrait De Melasse, Sucrose, Acetyl Hexapeptide-8, Acetyl Glucosamine, Caffeine, Tocopheryl Acetate, Phenyl Trimethicone, Sodium Chloride, Tetrahexyldecyl Ascorbate, Alcohol Denat., Fragrance, Hexyl Cinnamal, Linalool, Amyl Cinnamal, Geraniol, Limonene, Citral, Benzyl Benzoate, Coumarin, Citronellol, Bht, Phenoxyethanol, Yellow 5 (Ci 19140), Yellow 6 (Ci 15985)",1,1,1,1,1,the_renewal_oil,la_mer,moisturizer,la_mer_the_renewal_oil,0.0,39.0,8739.0,4.2564,1.0,Moisturizers,245.0,10.91,0.45,"Limnanthes Alba (Meadowfoam) Seed Oil;Dimethicone;Caprylic/Capric Triglyceride;Trisiloxane;Prunus Amygdalus Dulcis (Sweet Almond) Oil;Simmondsia Chinensis (Jojoba) Seed Oil;Polydecene;Hydrogenated Polydecene;Butylene Glycol;Propanediol;Glycerin;Algae (Seaweed) Extract;Brassica Campestris (Rapeseed) Seed Oil;Helianthus Annuus (Sunflower) Seed Oil;Sesamum Indicum (Sesame) Seed Oil;Eucalyptus Globulus (Eucalyptus) Leaf Oil;Camelina Sativa Seed Oil;Oxycoccus Palustris (Cranberry) Seed Oil;Olea Europaea (Olive) Fruit Oil;Hippophae Rhamnoides Oil;Medicago Sativa (Alfalfa) Seed Powder;Helianthus Annuus (Sunflower) Seedcake;Prunus Amygdalus Dulcis (Sweet Almond) Seed Meal;Sodium Gluconate;Copper Gluconate;Calcium Gluconate;Magnesium Gluconate;Zinc Gluconate;Tocopheryl Succinate;Niacin;Sesamum Indicum (Sesame) Seed Powder;Laminaria Ochroleuca Extract;Laminaria Saccharina Extract;Hydrolyzed Algin;Sea Salt/Maris Sal/Sel Marin;Chlorella Vulgaris Extract;Salicornia Herbacea Extract;Sigesbeckia Orientalis (St, Paul'S Wort) Extract;Laminaria Digitata Extract;Rosmarinus Officinalis (Rosemary) Leaf Extract;Magnolia Officinalis Bark Extract;Yeast Extract/Faex/Extrait De Levure;Crithmum Maritimum Extract;Commiphora Mukul Resin Extract;Citrus Aurantifolia (Lime) Peel Extract;Molasses Extract/Saccharum Officinarum/Extrait De Melasse;Sucrose;Acetyl Hexapeptide-8;Acetyl Glucosamine;Caffeine;Tocopheryl Acetate;Phenyl Trimethicone;Sodium Chloride;Tetrahexyldecyl Ascorbate;Alcohol Denat,;Fragrance;Hexyl Cinnamal;Linalool;Amyl Cinnamal;Geraniol;Limonene;Citral;Benzyl Benzoate;Coumarin;Citronellol;Bht;Phenoxyethanol;Yellow 5 (Ci 19140);Yellow 6 (Ci 15985)",0.0,39.0,8739.0,4.2564,1.0,Moisturizers,245.0,10.91,0.45,moisturizer,Medium (7k - 13k)
Moisturizer,BIOSSANCE,Squalane + Vitamin C Rose Oil,72,4.4,"Squalane, Pistacia Lentiscus (Mastic) Gum, Rosa Damascena Flower Extract, Tetrahexyldecyl Ascorbate, Caprylic/Capric Triglycerides.",1,1,1,1,1,squalane_vitamin_c_rose_oil,biossance,moisturizer,biossance_squalane_vitamin_c_rose_oil,1.0,316.0,38037.0,4.3956,1.0,Moisturizers,72.0,1.39,0.83,"Squalane;Pistacia Lentiscus (Mastic) Gum;Rosa Damascena Flower Extract;Tetrahexyldecyl Ascorbate;Caprylic/Capric Triglycerides,",1.0,316.0,38037.0,4.3956,1.0,Moisturizers,72.0,1.39,0.83,moisturizer,Very High (26k - 193k)
Moisturizer,TARTE,BB Tinted Treatment 12-Hour Primer Broad Spectrum SPF 30 Sunscreen,37,4.3,"Cyclopentasiloxane, Isododecane, Mica, Polysilicone-11, Polymethylsilsesquioxane, Hexyl Laurate, PEG-10 Dimethicone, Polyglyceryl-4 Isostearate, Stearic Acid, Cetyl PEG/PPG-10/1 Dimethicone, Alumina, Triethoxycaprylylsilane, Dipalmitoyl Hydroxyproline, Diamond Powder, Iron Oxides.",1,1,1,1,0,bb_tinted_treatment_12_hour_primer_broad_spectrum_spf_30_sunscreen,tarte,moisturizer,tarte_bb_tinted_treatment_12_hour_primer_broad_spectrum_spf_30_sunscreen,0.0,3000.0,95331.0,4.2684,1.0,Moisturizers,37.0,0.14,3.15,"Cyclopentasiloxane;Isododecane;Mica;Polysilicone-11;Polymethylsilsesquioxane;Hexyl Laurate;PEG-10 Dimethicone;Polyglyceryl-4 Isostearate;Stearic Acid;Cetyl PEG/PPG-10/1 Dimethicone;Alumina;Triethoxycaprylylsilane;Dipalmitoyl Hydroxyproline;Diamond Powder;Iron Oxides,",0.0,3000.0,95331.0,4.2684,1.0,Moisturizers,37.0,0.14,3.15,moisturizer,Very High (26k - 193k)
Moisturizer,SHISEIDO,Eudermine Revitalizing Essence,57,4.5,Visit the Shiseido boutique,0,0,0,0,0,eudermine_revitalizing_essence,shiseido,moisturizer,shiseido_eudermine_revitalizing_essence,0.0,260.0,24699.0,4.4692,4.2,Moisturizers,14.29,1.72,1.05,Visit the Shiseido boutique,0.0,260.0,24699.0,4.4692,4.2,Moisturizers,14.29,1.72,1.05,moisturizer,High (13k - 26k)
Moisturizer,ORIGINS,GinZing™ Energy-Boosting Gel Moisturizer,29,4.4,"Water, Methyl Trimethicone, Butylene Glycol, Glycerin, Jojoba Esters, Panthenol, Dicaprylyl Carbonate, Citrus Limon (Lemon) Peel Oil*, Citrus Grandis (Grapefruit) Peel Oil*, Mentha Viridis (Spearmint) Leaf Oil*, Limonene, Aloe Barbadensis Leaf Extract, Butyrospermum Parkii (Shea Butter), Simmondsia Chinensis (Jojoba) Butter, Castanea Sativa (Chestnut) Seed Extract, Rubus Idaeus (Raspberry) Leaf Wax, Dimethicone, Coleus Barbatus Extract, Hordeum Vulgare (Barley) Extract\Extrait D'Orge, Trehalose, Triticum Vulgare (Wheat) Germ Extract, Panax Ginseng (Ginseng) Root Extract, Ammonium Acryloyldimethyltaurate/Vp Copolymer, Salicylic Acid, Foeniculum Vulgare (Fennel) Seed Extract, Rosmarinus Officinalis (Rosemary) Leaf Extract, Phospholipids, Tocopheryl Acetate, Sodium Pca, Arginine, Caffeine, Cholesterol, Linoleic Acid, Biotin, Folic Acid, Tetrahexyldecyl Ascorbate, Polysilicone-11, Carbomer, Pantethine, Squalane, Sodium Hyaluronate, Hexylene Glycol, Lecithin, Calcium Carbonate, Caprylyl Glycol, Ethylhexylglycerin, Tromethamine, Phenoxyethanol. *Essential Oil.",1,1,1,1,1,ginzing_energy_boosting_gel_moisturizer,origins,moisturizer,origins_ginzing_energy_boosting_gel_moisturizer,,,,,,,,,,"Methyl Trimethicone;Butylene Glycol;Glycerin;Jojoba Esters;Panthenol;Dicaprylyl Carbonate;Citrus Limon (Lemon) Peel Oil*;Citrus Grandis (Grapefruit) Peel Oil*;Mentha Viridis (Spearmint) Leaf Oil*;Limonene;Aloe Barbadensis Leaf Extract;Butyrospermum Parkii (Shea Butter);Simmondsia Chinensis (Jojoba) Butter;Castanea Sativa (Chestnut) Seed Extract;Rubus Idaeus (Raspberry) Leaf Wax;Dimethicone;Coleus Barbatus Extract;Hordeum Vulgare (Barley) Extract\Extrait D'Orge;Trehalose;Triticum Vulgare (Wheat) Germ Extract;Panax Ginseng (Ginseng) Root Extract;Ammonium Acryloyldimethyltaurate/Vp Copolymer;Salicylic Acid;Foeniculum Vulgare (Fennel) Seed Extract;Rosmarinus Officinalis (Rosemary) Leaf Extract;Phospholipids;Tocopheryl Acetate;Sodium Pca;Arginine;Caffeine;Cholesterol;Linoleic Acid;Biotin;Folic Acid;Tetrahexyldecyl Ascorbate;Polysilicone-11;Carbomer;Pantethine;Squalane;Sodium Hyaluronate;Hexylene Glycol;Lecithin;Calcium Carbonate;Caprylyl Glycol;Ethylhexylglycerin;Tromethamine;Phenoxyethanol, *Essential Oil,",1.0,198.0,11605.0,4.0,1.7,,22.94,2.02,1.71,moisturizer,nan
Moisturizer,ESTÉE LAUDER,Micro Essence Skin Activating Treatment Lotion,100,4.4,"Micro Essence Skin Act Treat Lot Division: El (Estee Lauder)Ingredients: Water , Bifida Ferment Lysate , Peg-75 , Propanediol , Butylene Glycol , Betaine , Pentylene Glycol , Lactobacillus Ferment , Acetyl Hexapeptide-8 , Acetyl Glucosamine , Trehalose , Caffeine , Sodium Hyaluronate , Anthemis Nobilis (Chamomile) , Caprylyl Glycol , Carbomer , Ppg-5-Ceteth-20 , Citric Acid , Potassium Sorbate , Sodium Citrate , Tromethamine , Disodium Edta , Phenoxyethanol",0,0,0,0,0,micro_essence_skin_activating_treatment_lotion,estée_lauder,moisturizer,estée_lauder_micro_essence_skin_activating_treatment_lotion,,,,,,,,,,Micro Essence Skin Act Treat Lot Division: El (Estee Lauder)Ingredients: Water;Bifida Ferment Lysate;Peg-75;Propanediol;Butylene Glycol;Betaine;Pentylene Glycol;Lactobacillus Ferment;Acetyl Hexapeptide-8;Acetyl Glucosamine;Trehalose;Caffeine;Sodium Hyaluronate;Anthemis Nobilis (Chamomile);Caprylyl Glycol;Carbomer;Ppg-5-Ceteth-20;Citric Acid;Potassium Sorbate;Sodium Citrate;Tromethamine;Disodium Edta;Phenoxyethanol,0.0,55.0,14601.0,4.4545,5.0,Moisturizers,20.0,8.1,0.38,moisturizer,nan
Moisturizer,SON & PARK,Beauty Water,30,4.6,"Water, Rosa Damascena Flower Water, Hamamelis Virginiana (Witch Hazel) Water, Butylene Glycol, Propanediol, PEG-7 Caprylic/Capric Glycerides, Pentylene Glycol, Citrus Aurantium Dulcis (Orange) Fruit Extract, Xylitol, Citrus Aurantium Bergamia (Bergamot) Fruit Oil, Olea Europaea (Olive) Fruit Oil, Citrus Aurantium Dulcis (Orange) Oil, Citrus Grandis (Grapefruit) Peel Oil, Lavandula Angustifolia (Lavender) Oil, Cedrus Atlantica Bark Oil, Pelargonium Graveolens Flower Oil, Carica Papaya (Papaya) Fruit Water, Jasminum Officinale (Jasmine) Oil, Illicium Verum (Anise) Fruit/Seed Oil, Artemisia Absinthium Extract, Rose Flower Oil, Ferula Galbaniflua (Galbanum) Resin Oil, Thuja Occidentalis Leaf Extract, Eucalyptus Globulus Leaf Extract, Lavandula Angustifolia (Lavender) Flower/Leaf/Stem Extract, Melaleuca Alternifolia (Tea Tree) Leaf Extract, Melissa Officinalis Leaf (Green Tea) Extract , Mentha Piperita(Peppermint) Leaf Extract, Mentha Rotundifolia Leaf Extract, Mentha Spicata Flower/Leaf/Stem Extract, Origanum Majorana Leaf Extract, Origanum Vulgare Leaf Extract, Pelargonium Graveolens Extract, Rosmarinus Officinalis (Rosemary) Leaf Extract, Thymus Vulgaris (Thyme) Leaf Extract, Glycerin, Decyl Glucoside, 1,2-Hexanediol, PEG-40 Hydrogenated Castor Oil, PPG-26-Buteth-26, Sodium Chloride, Ethylhexylglycerin, Sodium Citrate, Citric Acid, Octanediol, Copaifera Officinalis (Balsam Copaiba) Resin, Protease, Alcohol Denat., Alcohol, Phenoxyethanol.",1,1,1,1,1,beauty_water,son_park,moisturizer,son_park_beauty_water,0.0,660.0,40336.0,4.6333,11.49,Moisturizers,2.61,0.7,1.64,"Rosa Damascena Flower Water;Hamamelis Virginiana (Witch Hazel) Water;Butylene Glycol;Propanediol;PEG-7 Caprylic/Capric Glycerides;Pentylene Glycol;Citrus Aurantium Dulcis (Orange) Fruit Extract;Xylitol;Citrus Aurantium Bergamia (Bergamot) Fruit Oil;Olea Europaea (Olive) Fruit Oil;Citrus Aurantium Dulcis (Orange) Oil;Citrus Grandis (Grapefruit) Peel Oil;Lavandula Angustifolia (Lavender) Oil;Cedrus Atlantica Bark Oil;Pelargonium Graveolens Flower Oil;Carica Papaya (Papaya) Fruit Water;Jasminum Officinale (Jasmine) Oil;Illicium Verum (Anise) Fruit/Seed Oil;Artemisia Absinthium Extract;Rose Flower Oil;Ferula Galbaniflua (Galbanum) Resin Oil;Thuja Occidentalis Leaf Extract;Eucalyptus Globulus Leaf Extract;Lavandula Angustifolia (Lavender) Flower/Leaf/Stem Extract;Melaleuca Alternifolia (Tea Tree) Leaf Extract;Melissa Officinalis Leaf (Green Tea) Extract;Mentha Piperita(Peppermint) Leaf Extract;Mentha Rotundifolia Leaf Extract;Mentha Spicata Flower/Leaf/Stem Extract;Origanum Majorana Leaf Extract;Origanum Vulgare Leaf Extract;Pelargonium Graveolens Extract;Rosmarinus Officinalis (Rosemary) Leaf Extract;Thymus Vulgaris (Thyme) Leaf Extract;Glycerin;Decyl Glucoside;1,2-Hexanediol;PEG-40 Hydrogenated Castor Oil;PPG-26-Buteth-26;Sodium Chloride;Ethylhexylglycerin;Sodium Citrate;Citric Acid;Octanediol;Copaifera Officinalis (Balsam Copaiba) Resin;Protease;Alcohol Denat,;Alcohol;Phenoxyethanol,",0.0,660.0,40336.0,4.6333,11.49,Moisturizers,2.61,0.7,1.64,moisturizer,Very High (26k - 193k)
Moisturizer,TATCHA,The Silk Cream,120,4.3,"Water, Saccharomyces/Camellia Sinensis Leaf/Cladosiphon Okamuranus/Rice Ferment Filtrate*, Glycerin, Propanediol, Cyclopentasiloxane, Squalane, Isononyl Isononanoate, Inositol, Sericin, Hydrolyzed Silk, Hydrolyzed Conchiolin Protein, Rubus Ellipticus Root Extract, Oryza Sativa (Rice) Germ Oil, Panax Ginseng Root Extract, Royal Jelly Extract, Thymus Serpyllum Extract, Caprylic/Capric Triglyceride, Sorbitan Stearate, Behenyl Alcohol, Stearic Acid, Hydrogenated Lecithin, Polyglyceryl-2 Triisostearate, Batyl Alcohol, Ethylhexylglycerin, Arginine, Bis-Behenyl/Isostearyl/Phytosteryl Dimer Dilinoleyl Dimer Dilinoleate, Carbomer, Xanthan Gum, Biosaccharide Gum-1, Sodium Hyaluronate, Parfum/Fragrance, Butylene Glycol, Alcohol, Phenoxyethanol. *Hadasei-3.",1,1,1,0,1,the_silk_cream,tatcha,moisturizer,tatcha_the_silk_cream,1.0,142.0,23416.0,4.2676,1.7,Moisturizers,70.59,3.01,0.61,"Saccharomyces/Camellia Sinensis Leaf/Cladosiphon Okamuranus/Rice Ferment Filtrate*;Glycerin;Propanediol;Cyclopentasiloxane;Squalane;Isononyl Isononanoate;Inositol;Sericin;Hydrolyzed Silk;Hydrolyzed Conchiolin Protein;Rubus Ellipticus Root Extract;Oryza Sativa (Rice) Germ Oil;Panax Ginseng Root Extract;Royal Jelly Extract;Thymus Serpyllum Extract;Caprylic/Capric Triglyceride;Sorbitan Stearate;Behenyl Alcohol;Stearic Acid;Hydrogenated Lecithin;Polyglyceryl-2 Triisostearate;Batyl Alcohol;Ethylhexylglycerin;Arginine;Bis-Behenyl/Isostearyl/Phytosteryl Dimer Dilinoleyl Dimer Dilinoleate;Carbomer;Xanthan Gum;Biosaccharide Gum-1;Sodium Hyaluronate;Parfum/Fragrance;Butylene Glycol;Alcohol;Phenoxyethanol, *Hadasei-3,",1.0,142.0,23416.0,4.2676,1.7,Moisturizers,70.59,3.01,0.61,moisturizer,High (13k - 26k)
Moisturizer,OLEHENRIKSEN,C-Rush™ Brightening Gel Crème,44,4.6,"Water, Glycerin, Dicaprylyl Carbonate, Propanediol, Caprylic/Capric Triglyceride, 3-O-Ethyl Ascorbic Acid, Glycereth-26, Ammonium Acryloyldimethyltaurate/Beheneth-25 Methacrylate Crosspolymer, Hydrolyzed Jojoba Esters, Cetearyl Alcohol, Polyacrylate Crosspolymer-6, Hydroxyacetophenone, Panthenol, Polyglyceryl-3 Methylglucose Distearate, Tetrahexyldecyl Ascorbate, Linoleic Acid, Citric Acid, Phenoxyethanol, Fragrance, Pentaerythrityl Tetra-Di-T-Butyl Hydroxyhydrocinnamate, Xanthan Gum, Cetearyl Glucoside, Linolenic Acid, Citrus Aurantium Dulcis (Orange) Fruit Extract, Citrus Limon (Lemon) Fruit Extract, Hippophae Rhamnoides Extract, Lycium Barbarum Fruit Extract, Rosa Canina Fruit Extract, Ethylhexylglycerin, Leuconostoc/Radish Root Ferment Filtrate, Sodium Citrate, Camellia Japonica Flower Extract, Aroma/Flavor, Sodium Hyaluronate, Sodium Polyacrylate, Sodium Phytate, Hyaluronic Acid, Vegetable Collagen, Ascorbic Acid, Tocopherol, Yellow 6 (Ci 15985), Yellow 5 (Ci 19140), Citral, Limonene, Linalool, Benzyl Alcohol.",1,1,1,1,1,c_rush_brightening_gel_crème,olehenriksen,moisturizer,olehenriksen_c_rush_brightening_gel_crème,,,,,,,,,,"Glycerin;Dicaprylyl Carbonate;Propanediol;Caprylic/Capric Triglyceride;3-O-Ethyl Ascorbic Acid;Glycereth-26;Ammonium Acryloyldimethyltaurate/Beheneth-25 Methacrylate Crosspolymer;Hydrolyzed Jojoba Esters;Cetearyl Alcohol;Polyacrylate Crosspolymer-6;Hydroxyacetophenone;Panthenol;Polyglyceryl-3 Methylglucose Distearate;Tetrahexyldecyl Ascorbate;Linoleic Acid;Citric Acid;Phenoxyethanol;Fragrance;Pentaerythrityl Tetra-Di-T-Butyl Hydroxyhydrocinnamate;Xanthan Gum;Cetearyl Glucoside;Linolenic Acid;Citrus Aurantium Dulcis (Orange) Fruit Extract;Citrus Limon (Lemon) Fruit Extract;Hippophae Rhamnoides Extract;Lycium Barbarum Fruit Extract;Rosa Canina Fruit Extract;Ethylhexylglycerin;Leuconostoc/Radish Root Ferment Filtrate;Sodium Citrate;Camellia Japonica Flower Extract;Aroma/Flavor;Sodium Hyaluronate;Sodium Polyacrylate;Sodium Phytate;Hyaluronic Acid;Vegetable Collagen;Ascorbic Acid;Tocopherol;Yellow 6 (Ci 15985);Yellow 5 (Ci 19140);Citral;Limonene;Linalool;Benzyl Alcohol,",,,,,,,,,,moisturizer,nan
Moisturizer,AMOREPACIFIC,Color Control Cushion Compact Broad Spectrum SPF 50+,60,4.0,"Phyllostachis Bambusoides Juice, Cyclopentasiloxane, Cyclohexasiloxane, Peg-10 Dimethicone, Phenyl Trimethicone, Butylene Glycol, Butylene Glycol Dicaprylate/Dicaprate, Alcohol, Arbutin, Lauryl Peg-9 Polydimethylsiloxyethyl Dimethicone, Acrylates/Ethylhexyl Acrylate/Dimethicone Methacrylate Copolymer, Polyhydroxystearic Acid, Sodium Chloride, Polymethyl Methacrylate, Aluminium Hydroxide, Stearic Acid, Disteardimonium Hectorite, Triethoxycaprylylsilane, Ethylhexyl Palmitate, Lecithin, Isostearic Acid, Isopropyl Palmitate, Phenoxyethanol, Polyglyceryl-3 Polyricinoleate, Acrylates/Stearyl Acrylate/Dimethicone Methacrylate Copolymer, Dimethicone, Disodium Edta, Trimethylsiloxysilicate, Ethylhexyglycerin, Dimethicone/Vinyl Dimethicone Crosspolymer, Water, Silica, Camellia Japonica Seed Oil, Camillia Sinensis Leaf Extract, Caprylyl Glycol, 1,2-Hexanediol, Fragrance, Titanium Dioxide, Iron Oxides (Ci 77492, Ci 77491, Ci77499).",1,1,1,1,1,color_control_cushion_compact_broad_spectrum_spf_50,amorepacific,moisturizer,amorepacific_color_control_cushion_compact_broad_spectrum_spf_50,0.0,1000.0,26924.0,4.0439,1.05,Moisturizers,57.14,0.4,3.71,"Phyllostachis Bambusoides Juice;Cyclopentasiloxane;Cyclohexasiloxane;Peg-10 Dimethicone;Phenyl Trimethicone;Butylene Glycol;Butylene Glycol Dicaprylate/Dicaprate;Alcohol;Arbutin;Lauryl Peg-9 Polydimethylsiloxyethyl Dimethicone;Acrylates/Ethylhexyl Acrylate/Dimethicone Methacrylate Copolymer;Polyhydroxystearic Acid;Sodium Chloride;Polymethyl Methacrylate;Aluminium Hydroxide;Stearic Acid;Disteardimonium Hectorite;Triethoxycaprylylsilane;Ethylhexyl Palmitate;Lecithin;Isostearic Acid;Isopropyl Palmitate;Phenoxyethanol;Polyglyceryl-3 Polyricinoleate;Acrylates/Stearyl Acrylate/Dimethicone Methacrylate Copolymer;Dimethicone;Disodium Edta;Trimethylsiloxysilicate;Ethylhexyglycerin;Dimethicone/Vinyl Dimethicone Crosspolymer;Silica;Camellia Japonica Seed Oil;Camillia Sinensis Leaf Extract;Caprylyl Glycol;1,2-Hexanediol;Fragrance;Titanium Dioxide;Iron Oxides (Ci 77492;Ci 77491;Ci77499),",0.0,1000.0,26924.0,4.0439,1.05,Moisturizers,57.14,0.4,3.71,moisturizer,Very High (26k - 193k)
Moisturizer,BOBBI BROWN,Vitamin Enriched Face Base Priming Moisturizer,60,4.5,"Water, Cyclopentasiloxane, Bis-Diglyceryl Polyacyladipate-2, Butylene Glycol, Ppg-2 Myristyl Ether Propionate, Cetyl Alcohol, Peg-40 Stearate, Butyrospermum Parkii (Shea Butter), Squalane, Glyceryl Stearate, Sorbitan Stearate, Epilobium Angustifolium Extract, Yeast Extract/Faex/Extrait De Levure, Beta-Carotene, Sodium Hyaluronate, Citrus Grandis (Grapefruit) Peel Oil, Tocopheryl Acetate, Methyl Glucose Sesquistearate, Pelargonium Graveolens (Geranium) Flower Oil, Dimethicone Crosspolymer, Acrylates/C10-30 Alkyl Acrylate Crosspolymer, Carbomer, Peg-20 Methyl Glucose Sesquistearate, C12-15 Alkyl Ethylhexanoate, Tetrasodium Edta, Sodium Hydroxide, Panthenol, Magnesium Ascorbyl Phosphate, Limonene, Citronellol, Geraniol, Linalool, Chlorphenesin, Phenoxyethanol",1,0,1,1,0,vitamin_enriched_face_base_priming_moisturizer,bobbi_brown,moisturizer,bobbi_brown_vitamin_enriched_face_base_priming_moisturizer,0.0,804.0,76177.0,4.5323,1.7,Moisturizers,35.29,0.56,1.06,Cyclopentasiloxane;Bis-Diglyceryl Polyacyladipate-2;Butylene Glycol;Ppg-2 Myristyl Ether Propionate;Cetyl Alcohol;Peg-40 Stearate;Butyrospermum Parkii (Shea Butter);Squalane;Glyceryl Stearate;Sorbitan Stearate;Epilobium Angustifolium Extract;Yeast Extract/Faex/Extrait De Levure;Beta-Carotene;Sodium Hyaluronate;Citrus Grandis (Grapefruit) Peel Oil;Tocopheryl Acetate;Methyl Glucose Sesquistearate;Pelargonium Graveolens (Geranium) Flower Oil;Dimethicone Crosspolymer;Acrylates/C10-30 Alkyl Acrylate Crosspolymer;Carbomer;Peg-20 Methyl Glucose Sesquistearate;C12-15 Alkyl Ethylhexanoate;Tetrasodium Edta;Sodium Hydroxide;Panthenol;Magnesium Ascorbyl Phosphate;Limonene;Citronellol;Geraniol;Linalool;Chlorphenesin;Phenoxyethanol,0.0,804.0,76177.0,4.5323,1.7,Moisturizers,35.29,0.56,1.06,moisturizer,Very High (26k - 193k)
Moisturizer,DR. JART+,Cicapair ™ Tiger Grass Color Correcting Treatment SPF 30,52,4.2,"Water, Centella Asiatica Leaf Water, Isononyl Isononanoate, Cyclopentasiloxane, Butylene Glycol, Dimethicone, Phenyl Trimethicone, Methyl Methacrylate Crosspolymer, Beeswax/Cire D'abeille, Glycerin, Diethylhexyl Carbonate, Polyglyceryl-3 Polyricinoleate, Niacinamide, Polymethylsilsesquioxane, Cyclohexasiloxane, Pan-Thenol, Diglycerin, Iron Oxides, Polyglyceryl-4 Diisostearate/Polyhydroxystearate/Sebacate, Dimethicone/Vinyl Dimethi- Cone Crosspolymer, Isododecane, Ethylene/Methacrylate Copolymer, Cetearyl Alcohol, Polyglyceryl-2 Triisostearate, Aluminum Hydroxide, Stearic Acid, Disteardimonium Hectorite, Acrylates/Ammonium Methacrylate Copolymer, Sclerotium Gum, Sodium Benzoate, Acrylates/Dimethicone Copolymer, Hydrogen Dimethicone, Chromium Oxide Greens, Triethyl Citrate, Potassium Sorbate, Fragaria Vesca (Strawberry) Leaf Extract, Disodium EDTA, BHT, Alcohol, Asiaticoside, Aden- Osine, Triethoxycaprylylsilane, Lavandula Angustifolia (Lavender) Oil, Boron Nitride, Asiatic Acid, Madecassic Acid, Citrus Grandis (Grapefruit) Peel Oil, Rosmarinus Officinalis (Rosemary) Leaf Oil, 1,2- Hexanediol, Anthemis Nobilis Flower Oil, Houttuynia Cordata Extract, Propanediol, Centella Asiatica Extract, Gentiana Lutea Root Extract, Artemisia Absinthium Extract, Achillea Millefolium Extract, Arnica Montana Flower Extract, Polysorbate 20, Aniba Rosodora (Rosewood) Wood Oil, Sodium Glycerophosphate, Selaginella Lepidophylla Extract, Potassium Magnesium Aspartate, Citric Acid, Calcium Gluconate, Madecassoside, Magnesium Gluconate, Centella Asiatica Meristem Cell Culture, Xanthan Gum, Titanium Dioxide, Zinc Oxide.",1,1,1,1,1,cicapair_tiger_grass_color_correcting_treatment_spf_30,dr._jart,moisturizer,dr._jart_cicapair_tiger_grass_color_correcting_treatment_spf_30,0.0,1000.0,68346.0,4.2025,1.7,Moisturizers,30.59,0.42,1.46,"Centella Asiatica Leaf Water;Isononyl Isononanoate;Cyclopentasiloxane;Butylene Glycol;Dimethicone;Phenyl Trimethicone;Methyl Methacrylate Crosspolymer;Beeswax/Cire D'abeille;Glycerin;Diethylhexyl Carbonate;Polyglyceryl-3 Polyricinoleate;Niacinamide;Polymethylsilsesquioxane;Cyclohexasiloxane;Pan-Thenol;Diglycerin;Iron Oxides;Polyglyceryl-4 Diisostearate/Polyhydroxystearate/Sebacate;Dimethicone/Vinyl Dimethi- Cone Crosspolymer;Isododecane;Ethylene/Methacrylate Copolymer;Cetearyl Alcohol;Polyglyceryl-2 Triisostearate;Aluminum Hydroxide;Stearic Acid;Disteardimonium Hectorite;Acrylates/Ammonium Methacrylate Copolymer;Sclerotium Gum;Sodium Benzoate;Acrylates/Dimethicone Copolymer;Hydrogen Dimethicone;Chromium Oxide Greens;Triethyl Citrate;Potassium Sorbate;Fragaria Vesca (Strawberry) Leaf Extract;Disodium EDTA;BHT;Alcohol;Asiaticoside;Aden- Osine;Triethoxycaprylylsilane;Lavandula Angustifolia (Lavender) Oil;Boron Nitride;Asiatic Acid;Madecassic Acid;Citrus Grandis (Grapefruit) Peel Oil;Rosmarinus Officinalis (Rosemary) Leaf Oil;1;2- Hexanediol;Anthemis Nobilis Flower Oil;Houttuynia Cordata Extract;Propanediol;Centella Asiatica Extract;Gentiana Lutea Root Extract;Artemisia Absinthium Extract;Achillea Millefolium Extract;Arnica Montana Flower Extract;Polysorbate 20;Aniba Rosodora (Rosewood) Wood Oil;Sodium Glycerophosphate;Selaginella Lepidophylla Extract;Potassium Magnesium Aspartate;Citric Acid;Calcium Gluconate;Madecassoside;Magnesium Gluconate;Centella Asiatica Meristem Cell Culture;Xanthan Gum;Titanium Dioxide;Zinc Oxide,",0.0,1000.0,68346.0,4.2025,1.7,Moisturizers,30.59,0.42,1.46,moisturizer,Very High (26k - 193k)
Moisturizer,CAUDALIE,Vinosource Moisturizing Sorbet,39,4.2,"Water, Vitis Vinifera (Grape) Fruit Water*, Dicaprylyl Ether*, Glycerin*, Butyrospermum Parkii (Shea Butter) Extract*, Hexyldecanol*, Hexyldecyl Laurate*, Behenyl Alcohol*, Glyceryl Stearate*, Erythritol, Acrylates/C10-30 Alkyl Acrylate Crosspolymer, Parfum (Fragrance), Tocopherol*, Lecithin*, Caprylyl Glycol, Mannitol*, Sodium Benzoate, Xanthan Gum, Palmitoyl Grape Seed Extract*, Vitis Vinifera (Grape) Juice*, Sodium Hydroxide, Glycine Soja (Soybean) Sterols*, Butylene Glycol, Sodium Citrate, Citric Acid, Chamomilla Recutita (Matricaria) Flower Extract*, Sodium Carboxymethyl Betaglucan, Sodium Phytate*, Potassium Sorbate, Biosaccharide Gum-1, Sodium Hyaluronate, Homarine Hcl, Glyceryl Caprylate*, Acetyl Tetrapeptide-15. *Plant origin.",1,1,1,1,1,vinosource_moisturizing_sorbet,caudalie,moisturizer,caudalie_vinosource_moisturizing_sorbet,1.0,1000.0,42892.0,4.2154,1.3,Moisturizers,30.0,0.42,2.33,"Vitis Vinifera (Grape) Fruit Water*;Dicaprylyl Ether*;Glycerin*;Butyrospermum Parkii (Shea Butter) Extract*;Hexyldecanol*;Hexyldecyl Laurate*;Behenyl Alcohol*;Glyceryl Stearate*;Erythritol;Acrylates/C10-30 Alkyl Acrylate Crosspolymer;Parfum (Fragrance);Tocopherol*;Lecithin*;Caprylyl Glycol;Mannitol*;Sodium Benzoate;Xanthan Gum;Palmitoyl Grape Seed Extract*;Vitis Vinifera (Grape) Juice*;Sodium Hydroxide;Glycine Soja (Soybean) Sterols*;Butylene Glycol;Sodium Citrate;Citric Acid;Chamomilla Recutita (Matricaria) Flower Extract*;Sodium Carboxymethyl Betaglucan;Sodium Phytate*;Potassium Sorbate;Biosaccharide Gum-1;Sodium Hyaluronate;Homarine Hcl;Glyceryl Caprylate*;Acetyl Tetrapeptide-15, *Plant origin,",1.0,1000.0,42892.0,4.2154,1.3,Moisturizers,30.0,0.42,2.33,moisturizer,Very High (26k - 193k)
Moisturizer,HERBIVORE,Lapis Oil Balancing Facial Oil,72,4.4,"Amaranthus Squalane Oil, Simmondsia Chinensis (Jojoba) Seed Oil, Capric Triglycerides (Fractionated Coconut Oil), Aleurites Moluccana (Kukui) Nut Oil, Tocopherol (Vitamin E), Tanacetum Annuum (Blue Tansy) Leaf Oil, Jasminum Sambac (Jasmine) Absolute, Rosa Damascena (Moroccan Rose) Absolute.",1,0,1,1,0,lapis_oil_balancing_facial_oil,herbivore,moisturizer,herbivore_lapis_oil_balancing_facial_oil,,,,,,,,,,"Amaranthus Squalane Oil;Simmondsia Chinensis (Jojoba) Seed Oil;Capric Triglycerides (Fractionated Coconut Oil);Aleurites Moluccana (Kukui) Nut Oil;Tocopherol (Vitamin E);Tanacetum Annuum (Blue Tansy) Leaf Oil;Jasminum Sambac (Jasmine) Absolute;Rosa Damascena (Moroccan Rose) Absolute,",1.0,563.0,37261.0,4.3872,1.7,Moisturizers,42.35,0.78,1.51,moisturizer,nan
Moisturizer,ERBORIAN,CC Crème High Definition Radiance Face Cream Skin Perfector,44,4.1,"Water, Cyclomethicone, Dipropylene Glycol, Glycerin, Peg-10 Dimethicone, Methyl Trimethicone, C12-15 Alkyl Benzoate, Dimethicone, Ci 77492/Iron Oxides, Disteardimonium Hectorite, Magnesium Sulfate, Vinyl Dimethicone/Methicone Silsesquioxane Crosspolymer, Centella Asiatica Extract, Mel/Honey Extract, Mica, Talc, Trihydroxystearin, Butylene Glycol, Polyester-1, Aluminum Hydroxide, Silica Dimethyl Silylate, Palmitic Acid, Stearic Acid, Tocopheryl Acetate, Ethylhexylglycerin, Phenoxyethanol, Methicone, Dimethicone/Vinyl Dimethicone Crosspolymer, Fragrance, Hexyl Cinnamal, Alpha-Isomethyl Ionone, Linalool, Citronellol, Geraniol, Eugenol, Limonene, Ci 77491/Iron Oxides, Ci 77499/Iron Oxides.",1,1,1,1,1,cc_crème_high_definition_radiance_face_cream_skin_perfector,erborian,moisturizer,erborian_cc_crème_high_definition_radiance_face_cream_skin_perfector,,,,,,,,,,"Cyclomethicone;Dipropylene Glycol;Glycerin;Peg-10 Dimethicone;Methyl Trimethicone;C12-15 Alkyl Benzoate;Dimethicone;Ci 77492/Iron Oxides;Disteardimonium Hectorite;Magnesium Sulfate;Vinyl Dimethicone/Methicone Silsesquioxane Crosspolymer;Centella Asiatica Extract;Mel/Honey Extract;Mica;Talc;Trihydroxystearin;Butylene Glycol;Polyester-1;Aluminum Hydroxide;Silica Dimethyl Silylate;Palmitic Acid;Stearic Acid;Tocopheryl Acetate;Ethylhexylglycerin;Phenoxyethanol;Methicone;Dimethicone/Vinyl Dimethicone Crosspolymer;Fragrance;Hexyl Cinnamal;Alpha-Isomethyl Ionone;Linalool;Citronellol;Geraniol;Eugenol;Limonene;Ci 77491/Iron Oxides;Ci 77499/Iron Oxides,",0.0,513.0,33175.0,4.1111,1.5,Moisturizers,29.33,0.8,1.55,moisturizer,nan
Moisturizer,SMASHBOX,Camera Ready BB Cream SPF 35,42,4.0,"Water, Dimethicone, Butylene Glycol, Phenyl Trimethicone, Pentylene Glycol, Glyceryl Stearate, Behenyl Alcohol, Trioctyldodecyl Citrate, Polymethylsilsesquioxane, Octyldodecyl Stearoyl Stearate, PEG-40 Stearate, Polyglyceryl-10 Pentastearate, Ammonium Acryloyldimethyltaurate/VP Copolymer, Triticum Vulgare (Wheat) Germ Extract, Hordeum Vulgare (Barley) Extract, Cucumis Sativus (Cucumber) Fruit Extract, Laminaria Saccharina Extract, Pyrus Malus (Apple) Fruit Extract, Scutellaria Baicalensis Root Extract, Polyquaternium-51, Acetyl Hexapeptide-8, Trehalose, Oryzanol, Octyldodecyl Neopentanoate, Urea, Polyglyceryl-6 Polyricinoleate, Propylene Glycol Laurate, Glycyrrhetinic Acid, Tocopheryl Acetate, Sucrose, Glycerin, Sodium Stearoyl Lactylate, Caffeine, Linoleic Acid, Cholesterol, Lecithin, Squalane, Sodium PCA, Isopropyl Titanium Triisostearate, Propylene Glycol Stearate, Stearic Acid, Polysorbate 20, Sorbitan Laurate, Xanthan Gum, Aluminum Hydroxide, Sodium Hyaluronate, Silica, Disodium EDTA, Pentaerythrityl Tetra-Di-T-Butyl Hydroxyhydrocinnamate, Sodium Dehydroacetate, Chlorphenesin, Phenoxyethanol. May Contain (+/-): Titanium Dioxide (Ci 77891), Zinc Oxide (Ci 77947), Iron Oxides (Ci 77491, Ci 77492, Ci 77499), Mica.",0,0,0,0,0,camera_ready_bb_cream_spf_35,smashbox,moisturizer,smashbox_camera_ready_bb_cream_spf_35,0.0,3000.0,77095.0,4.0136,1.0,Moisturizers,42.0,0.13,3.89,"Dimethicone;Butylene Glycol;Phenyl Trimethicone;Pentylene Glycol;Glyceryl Stearate;Behenyl Alcohol;Trioctyldodecyl Citrate;Polymethylsilsesquioxane;Octyldodecyl Stearoyl Stearate;PEG-40 Stearate;Polyglyceryl-10 Pentastearate;Ammonium Acryloyldimethyltaurate/VP Copolymer;Triticum Vulgare (Wheat) Germ Extract;Hordeum Vulgare (Barley) Extract;Cucumis Sativus (Cucumber) Fruit Extract;Laminaria Saccharina Extract;Pyrus Malus (Apple) Fruit Extract;Scutellaria Baicalensis Root Extract;Polyquaternium-51;Acetyl Hexapeptide-8;Trehalose;Oryzanol;Octyldodecyl Neopentanoate;Urea;Polyglyceryl-6 Polyricinoleate;Propylene Glycol Laurate;Glycyrrhetinic Acid;Tocopheryl Acetate;Sucrose;Glycerin;Sodium Stearoyl Lactylate;Caffeine;Linoleic Acid;Cholesterol;Lecithin;Squalane;Sodium PCA;Isopropyl Titanium Triisostearate;Propylene Glycol Stearate;Stearic Acid;Polysorbate 20;Sorbitan Laurate;Xanthan Gum;Aluminum Hydroxide;Sodium Hyaluronate;Silica;Disodium EDTA;Pentaerythrityl Tetra-Di-T-Butyl Hydroxyhydrocinnamate;Sodium Dehydroacetate;Chlorphenesin;Phenoxyethanol, May Contain (+/-): Titanium Dioxide (Ci 77891);Zinc Oxide (Ci 77947);Iron Oxides (Ci 77491;Ci 77492;Ci 77499);Mica,",0.0,3000.0,77095.0,4.0136,1.0,Moisturizers,42.0,0.13,3.89,moisturizer,Very High (26k - 193k)
Moisturizer,SUNDAY RILEY,C.E.O. C + E antiOXIDANT Protect + Repair Moisturizer,65,4.1,"Water, Squalane, Tetrahexyldecyl Ascorbate (Vitamin C), Dicaprylyl Carbonate, C10-18 Triglycerides, PEG-8 Beeswax, Hydrogenated Vegetable Oil, Tapioca Starch, PPG-12 SMDI Copolymer, Polyglyceryl-6 Distearate, Jojoba Esters, Cetyl Alcohol, Sodium Acrylates Copolymer, Polyglyceryl-3 Beeswax, Lecithin, Glycerin, Microcitrus Australasica Fruit (Lime Pearl) Extract, Butylene Glycol, Alteromonas Ferment Extract (Exopolysaccharides), Phenoxyethanol, Terminalia Ferdinandiana Fruit (Kakadu Plum) Extract, Bisabolol, Chlorphenesin, Caprylyl Glycol, Polymethylsilsesquioxane, Nylon-12, Citrus Reticulata (Tangerine) Peel Oil, Citric Acid, Sodium Phytate, Tocopherol, Sodium Hyaluronate, Fragrance, Rosa Centifolia Flower Wax, Rosa Damascena Flower Wax, Alcohol Denat (found in botanical extracts), Caprylic/Capric Triglyceride, Curcuma Longa (Turmeric) Root Extract, Citrus Junos Fruit (Yuzu) Extract, Lippia Citriodora Flower (Lemon Verbena) Extract, Euterpe Oleracea (Acai) Fruit, Butyrospermum Parkii (Shea) Butter Extract, Rosa Canina Fruit (Rosehips)Extract, Oenothera Biennis (Evening Primrose) Seed Extract, Camellia Sinensis Leaf (Oolong Tea).",1,1,1,1,1,c.e.o._c_e_antioxidant_protect_repair_moisturizer,sunday_riley,moisturizer,sunday_riley_c.e.o._c_e_antioxidant_protect_repair_moisturizer,0.0,675.0,33749.0,4.0711,0.5,Moisturizers,44.0,0.6,2.0,"Squalane;Tetrahexyldecyl Ascorbate (Vitamin C);Dicaprylyl Carbonate;C10-18 Triglycerides;PEG-8 Beeswax;Hydrogenated Vegetable Oil;Tapioca Starch;PPG-12 SMDI Copolymer;Polyglyceryl-6 Distearate;Jojoba Esters;Cetyl Alcohol;Sodium Acrylates Copolymer;Polyglyceryl-3 Beeswax;Lecithin;Glycerin;Microcitrus Australasica Fruit (Lime Pearl) Extract;Butylene Glycol;Alteromonas Ferment Extract (Exopolysaccharides);Phenoxyethanol;Terminalia Ferdinandiana Fruit (Kakadu Plum) Extract;Bisabolol;Chlorphenesin;Caprylyl Glycol;Polymethylsilsesquioxane;Nylon-12;Citrus Reticulata (Tangerine) Peel Oil;Citric Acid;Sodium Phytate;Tocopherol;Sodium Hyaluronate;Fragrance;Rosa Centifolia Flower Wax;Rosa Damascena Flower Wax;Alcohol Denat (found in botanical extracts);Caprylic/Capric Triglyceride;Curcuma Longa (Turmeric) Root Extract;Citrus Junos Fruit (Yuzu) Extract;Lippia Citriodora Flower (Lemon Verbena) Extract;Euterpe Oleracea (Acai) Fruit;Butyrospermum Parkii (Shea) Butter Extract;Rosa Canina Fruit (Rosehips)Extract;Oenothera Biennis (Evening Primrose) Seed Extract;Camellia Sinensis Leaf (Oolong Tea),",0.0,675.0,33749.0,4.0711,0.5,Moisturizers,44.0,0.6,2.0,moisturizer,Very High (26k - 193k)
Moisturizer,FARSÁLI,Rose Gold Elixir – 24k Gold Infused Beauty Oil,54,4.0,"Rosa Rubiginosa (Rosehip) Seed Oil, Carthamus Tinctorius (Safflower) Seed Oil, Cucurbita Pepo (Pumpkin) Seed Oil, Gold, Cymbopogon Flexuosus (Lemongrass) Oil, Citrus Aurantium Dulcis (Orange) Peel Oil, Tocopheryl Acetate (Vitamin E).",0,0,0,0,0,rose_gold_elixir_–_24k_gold_infused_beauty_oil,farsáli,moisturizer,farsáli_rose_gold_elixir_–_24k_gold_infused_beauty_oil,,,,,,,,,,"Rosa Rubiginosa (Rosehip) Seed Oil;Carthamus Tinctorius (Safflower) Seed Oil;Cucurbita Pepo (Pumpkin) Seed Oil;Gold;Cymbopogon Flexuosus (Lemongrass) Oil;Citrus Aurantium Dulcis (Orange) Peel Oil;Tocopheryl Acetate (Vitamin E),",0.0,1000.0,114554.0,3.9263,1.0,Moisturizers,54.0,0.39,0.87,moisturizer,nan
Moisturizer,IT COSMETICS,Your Skin But Better™ CC+Illumination™ Cream with SPF 50+,38,3.9,"Water, Snail Secretion Filtrate, Titanium Dioxide, Phenyl Trimethicone, Dimethicone, Butylene Glycol, Zinc Oxide, Butylene Glycol Dicaprylate/Dicaprate, Orbignya Oleifera Seed Oil, Butyloctyl Salicylate, Cetyl Peg/Ppg-10/1 Dimethicone, Cyclopentasiloxane, Cyclohexasiloxane, Magnesium Sulfate, Polyglyceryl-4 Isostearate, Dimethicone/Vinyl Dimethicone Crosspolymer, Aluminum Hydroxide, Hexyl Laurate, Stearic Acid, Calcium Stearate, Caprylyl Glycol, Triethoxycaprylylsilane, Ethylhexylglycerin, Citrus Medica Limonum (Lemon) Peel Oil, Tocopheryl Acetate, Sorbitan Isostearate, Phenoxyethanol, Citrus Aurantium Bergamia (Bergamot) Fruit Oil, 1,2-Hexanediol, Disodium Edta, Citrus Aurantium Dulcis (Orange) Peel Oil, Citrus Aurantifolia (Lime) Oil, Vitis Vinifera (Grape) Seed Oil, Punica Granatum Seed Oil, Pinus Sylvestris Leaf Oil, Persea Gratissima (Avocado) Oil, Niacinamide, Citrus Grandis (Grapefruit) Peel Oil, Cholesterol, Anthemis Nobilis Flower Water, Lactobacillus/Honeysuckle Flower/Licorice Root/Morus Alba Root/Pueraria Lobata Root/Schizandra Chinensis Fruit/Scutellaria Baicalensis Root/Sophora Japonica Flower Extract Ferment Filtrate, Perfluorohexane, Olea Europaea (Olive) Leaf Extract, Glycerin, Eucalyptus Globulus Leaf Oil, Camellia Sinensis Leaf Extract, Chrysanthemum Indicum Flower Extract, Pueraria Lobata Root Extract, Perfluorodecalin, Morus Alba Fruit Extract, Magnolia Kobus Bark Extract, Glycine Soja (Soybean) Sprout Extract, Diospyros Kaki Leaf Extract, Cinnamomum Cassia Bark Extract, Artemisia Princeps Leaf Extract, Pentafluoropropane, Curcuma Longa (Turmeric) Root Extract, Steareth-20, Hydrolyzed Hyaluronic Acid, Colloidal Oatmeal, Hydrolyzed Silk, Citric Acid, Sodium Benzoate, Potassium Sorbate, Aloe Barbadensis Leaf Extract, N-Hydroxysuccinimide, Hydrolyzed Collagen, Caprylhydroxamic Acid, Tocopherol, Thiamine Hcl, Riboflavin, Retinyl Palmitate, Pantothenic Acid, Palmitoyl Oligopeptide, Niacin, Folic Acid, Chrysin, Carnitine Hcl, Biotin, Ascorbic Acid, Palmitoyl Tetrapeptide-7, Chlorhexidine Digluconate. [+/-: Mica (Ci 77019), Iron Oxides (Ci 77492, Ci 77491, Ci 77499)].",1,1,1,1,1,your_skin_but_better_cc_illumination_cream_with_spf_50,it_cosmetics,moisturizer,it_cosmetics_your_skin_but_better_cc_illumination_cream_with_spf_50,,,,,,,,,,"Snail Secretion Filtrate;Titanium Dioxide;Phenyl Trimethicone;Dimethicone;Butylene Glycol;Zinc Oxide;Butylene Glycol Dicaprylate/Dicaprate;Orbignya Oleifera Seed Oil;Butyloctyl Salicylate;Cetyl Peg/Ppg-10/1 Dimethicone;Cyclopentasiloxane;Cyclohexasiloxane;Magnesium Sulfate;Polyglyceryl-4 Isostearate;Dimethicone/Vinyl Dimethicone Crosspolymer;Aluminum Hydroxide;Hexyl Laurate;Stearic Acid;Calcium Stearate;Caprylyl Glycol;Triethoxycaprylylsilane;Ethylhexylglycerin;Citrus Medica Limonum (Lemon) Peel Oil;Tocopheryl Acetate;Sorbitan Isostearate;Phenoxyethanol;Citrus Aurantium Bergamia (Bergamot) Fruit Oil;1,2-Hexanediol;Disodium Edta;Citrus Aurantium Dulcis (Orange) Peel Oil;Citrus Aurantifolia (Lime) Oil;Vitis Vinifera (Grape) Seed Oil;Punica Granatum Seed Oil;Pinus Sylvestris Leaf Oil;Persea Gratissima (Avocado) Oil;Niacinamide;Citrus Grandis (Grapefruit) Peel Oil;Cholesterol;Anthemis Nobilis Flower Water;Lactobacillus/Honeysuckle Flower/Licorice Root/Morus Alba Root/Pueraria Lobata Root/Schizandra Chinensis Fruit/Scutellaria Baicalensis Root/Sophora Japonica Flower Extract Ferment Filtrate;Perfluorohexane;Olea Europaea (Olive) Leaf Extract;Glycerin;Eucalyptus Globulus Leaf Oil;Camellia Sinensis Leaf Extract;Chrysanthemum Indicum Flower Extract;Pueraria Lobata Root Extract;Perfluorodecalin;Morus Alba Fruit Extract;Magnolia Kobus Bark Extract;Glycine Soja (Soybean) Sprout Extract;Diospyros Kaki Leaf Extract;Cinnamomum Cassia Bark Extract;Artemisia Princeps Leaf Extract;Pentafluoropropane;Curcuma Longa (Turmeric) Root Extract;Steareth-20;Hydrolyzed Hyaluronic Acid;Colloidal Oatmeal;Hydrolyzed Silk;Citric Acid;Sodium Benzoate;Potassium Sorbate;Aloe Barbadensis Leaf Extract;N-Hydroxysuccinimide;Hydrolyzed Collagen;Caprylhydroxamic Acid;Tocopherol;Thiamine Hcl;Riboflavin;Retinyl Palmitate;Pantothenic Acid;Palmitoyl Oligopeptide;Niacin;Folic Acid;Chrysin;Carnitine Hcl;Biotin;Ascorbic Acid;Palmitoyl Tetrapeptide-7;Chlorhexidine Digluconate, [+/-: Mica (Ci 77019);Iron Oxides (Ci 77492;Ci 77491;Ci 77499)],",,,,,,,,,,moisturizer,nan
Moisturizer,TATCHA,Luminous Dewy Skin Night Concentrate,110,4.5,"Water, Glycerin, Propanediol, Squalane, Cyclopentasiloxane, Triethylhexanoin, Panax Ginseng Root Extract, Origanum Majorana Leaf Extract, Ziziphus Jujuba Fruit Extract, Thymus Serpyllum Extract, Royal Jelly Extract, Stearyl Glycyrrhetinate, Camellia Sinensis Leaf Extract, Algae Extract, Scutellaria Baicalensis Root Extract, Oryza Sativa (Rice) Germ Oil, Camellia Japonica Seed Oil, Sericin, Inositol, Glyceryl Stearate Se, Polyglyceryl-2 Diisostearate, Ppg-5-Ceteth-10 Phosphate, Sodium Lauroyl Lactylate, Sorbitan Stearate, Trideceth-12, Ethylhexylglycerin, Peg-240/Hdi Copolymer Bis-Decyltetradeceth-20 Ether, Butylene Glycol, Behenyl Alcohol, Parfum/Fragrance, Alcohol, Phenoxyethanol.",1,1,1,0,1,luminous_dewy_skin_night_concentrate,tatcha,moisturizer,tatcha_luminous_dewy_skin_night_concentrate,1.0,153.0,28945.0,4.4379,1.7,Moisturizers,64.71,2.9,0.53,"Glycerin;Propanediol;Squalane;Cyclopentasiloxane;Triethylhexanoin;Panax Ginseng Root Extract;Origanum Majorana Leaf Extract;Ziziphus Jujuba Fruit Extract;Thymus Serpyllum Extract;Royal Jelly Extract;Stearyl Glycyrrhetinate;Camellia Sinensis Leaf Extract;Algae Extract;Scutellaria Baicalensis Root Extract;Oryza Sativa (Rice) Germ Oil;Camellia Japonica Seed Oil;Sericin;Inositol;Glyceryl Stearate Se;Polyglyceryl-2 Diisostearate;Ppg-5-Ceteth-10 Phosphate;Sodium Lauroyl Lactylate;Sorbitan Stearate;Trideceth-12;Ethylhexylglycerin;Peg-240/Hdi Copolymer Bis-Decyltetradeceth-20 Ether;Butylene Glycol;Behenyl Alcohol;Parfum/Fragrance;Alcohol;Phenoxyethanol,",1.0,153.0,28945.0,4.4379,1.7,Moisturizers,64.71,2.9,0.53,moisturizer,Very High (26k - 193k)
Moisturizer,GLAMGLOW,GLOWSTARTER™ Mega Illuminating Moisturizer,49,4.0,"Water, Dimethicone, Butylene Glycol, Cetyl Ricinoleate, Trisiloxane, Glyceryl Stearate Se, Glyceryl Stearate, Peg-100 Stearate, Simmondsia Chinensis (Jojoba) Seed Oil, Butyrospermum Parkii (Shea) Butter, Cetyl Esters, Cetyl Alcohol, Glycerin, Tocopheryl Acetate, Sodium Hyaluronate, Algae Extract, Camellia Sinensis (Green Tea) Leaf Extract, Cucumis Sativus (Cucumber) Fruit Extract, Pyrus Malus (Apple) Fruit Extract, Saccharomyces Lysate Extract, Scutellaria Baicalensis Root Extract, Caffeine, Cholesterol, Ceramide Ng, Isohexadecane, Synthetic Fluorphlogopite, Tin Oxide, Sucrose, Panthenol, Polysorbate 80, Xanthan Gum, Caprylyl Glycol, Hexylene Glycol, Citric Acid, Linoleic Acid, Acrylamide/Sodium Acryloyldimethyltaurate Copolymer, Magnesium Ascorbyl Phosphate, Fragrance, Citral, Linalool, Limonene, Disodium Edta, Sodium Citrate, Phenoxyethanol, [+/- Mica, Titanium Dioxide (Ci 77891), Iron Oxides (Ci 77491), Red 4 (Ci 14700), Yellow 5 (Ci 19140), Iron Oxides (Ci 77499), Iron Oxides (Ci 77492)]",1,1,1,1,0,glowstarter_mega_illuminating_moisturizer,glamglow,moisturizer,glamglow_glowstarter_mega_illuminating_moisturizer,,,,,,,,,,Dimethicone;Butylene Glycol;Cetyl Ricinoleate;Trisiloxane;Glyceryl Stearate Se;Glyceryl Stearate;Peg-100 Stearate;Simmondsia Chinensis (Jojoba) Seed Oil;Butyrospermum Parkii (Shea) Butter;Cetyl Esters;Cetyl Alcohol;Glycerin;Tocopheryl Acetate;Sodium Hyaluronate;Algae Extract;Camellia Sinensis (Green Tea) Leaf Extract;Cucumis Sativus (Cucumber) Fruit Extract;Pyrus Malus (Apple) Fruit Extract;Saccharomyces Lysate Extract;Scutellaria Baicalensis Root Extract;Caffeine;Cholesterol;Ceramide Ng;Isohexadecane;Synthetic Fluorphlogopite;Tin Oxide;Sucrose;Panthenol;Polysorbate 80;Xanthan Gum;Caprylyl Glycol;Hexylene Glycol;Citric Acid;Linoleic Acid;Acrylamide/Sodium Acryloyldimethyltaurate Copolymer;Magnesium Ascorbyl Phosphate;Fragrance;Citral;Linalool;Limonene;Disodium Edta;Sodium Citrate;Phenoxyethanol;[+/- Mica;Titanium Dioxide (Ci 77891);Iron Oxides (Ci 77491);Red 4 (Ci 14700);Yellow 5 (Ci 19140);Iron Oxides (Ci 77499);Iron Oxides (Ci 77492)],0.0,1000.0,60229.0,4.027,1.7,,28.82,0.4,1.66,moisturizer,nan
Moisturizer,ESTÉE LAUDER,Revitalizing Supreme Global Anti-Aging Crème,82,4.4,"Revitalizing Supreme+ Cell Pwr Crm Division: El (Estee Lauder)Ingredients: Water , Dimethicone , Glycerin , Isohexadecane , Butylene Glycol , Bis-Peg-18 Methyl Ether Dimethyl Silane , Peg-10 Dimethicone , Disteardimonium Hectorite , Pentylene Glycol , Cucumis Sativus (Cucumber) Fruit Extract , Narcissus Tazetta Bulb Extract , Magnolia Officinalis Bark Extract , Hordeum Vulgare (Barley) Extract/Extrait D'Orge , Sigesbeckia Orientalis (St. Paul'S Wort) Extract , Lens Esculenta (Lentil) Fruit Extract , Pyrus Malus (Apple) Fruit Extract , Whey Protein/Lactis Protein/Proteine Du Petit-Lait , Citrullus Vulgaris (Watermelon) Fruit Extract , Moringa Oleifera Seed Extract , Laminaria Digitata Extract , Triticum Vulgare (Wheat) Germ Extract , Opuntia Tuna Extract , Acetyl Hexapeptide-8 , Sorbitol , Helianthus Annuus (Sunflower) Seedcake , Caffeine , Algae Extract , Sodium Hyaluronate , Sodium Lactate , Squalane , Polysilicone-11 , Isododecane , Tocopheryl Acetate , Sucrose , Acetyl Glucosamine , Polyethylene , Propylene Carbonate , Citric Acid , Peg-32 , Propylene Glycol Dicaprate , Peg-6 , Isoceteth-20 , Sodium Dehydroacetate , Aminopropyl Ascorbyl Phosphate , Fragrance , Sodium Pca , Sodium Citrate , Disodium Edta , Bht , Phenoxyethanol , Iron Oxides (Ci 77491)",0,0,0,0,0,revitalizing_supreme_global_anti_aging_crème,estée_lauder,moisturizer,estée_lauder_revitalizing_supreme_global_anti_aging_crème,,,,,,,,,,"Revitalizing Supreme+ Cell Pwr Crm Division: El (Estee Lauder)Ingredients: Water;Dimethicone;Glycerin;Isohexadecane;Butylene Glycol;Bis-Peg-18 Methyl Ether Dimethyl Silane;Peg-10 Dimethicone;Disteardimonium Hectorite;Pentylene Glycol;Cucumis Sativus (Cucumber) Fruit Extract;Narcissus Tazetta Bulb Extract;Magnolia Officinalis Bark Extract;Hordeum Vulgare (Barley) Extract/Extrait D'Orge;Sigesbeckia Orientalis (St, Paul'S Wort) Extract;Lens Esculenta (Lentil) Fruit Extract;Pyrus Malus (Apple) Fruit Extract;Whey Protein/Lactis Protein/Proteine Du Petit-Lait;Citrullus Vulgaris (Watermelon) Fruit Extract;Moringa Oleifera Seed Extract;Laminaria Digitata Extract;Triticum Vulgare (Wheat) Germ Extract;Opuntia Tuna Extract;Acetyl Hexapeptide-8;Sorbitol;Helianthus Annuus (Sunflower) Seedcake;Caffeine;Algae Extract;Sodium Hyaluronate;Sodium Lactate;Squalane;Polysilicone-11;Isododecane;Tocopheryl Acetate;Sucrose;Acetyl Glucosamine;Polyethylene;Propylene Carbonate;Citric Acid;Peg-32;Propylene Glycol Dicaprate;Peg-6;Isoceteth-20;Sodium Dehydroacetate;Aminopropyl Ascorbyl Phosphate;Fragrance;Sodium Pca;Sodium Citrate;Disodium Edta;Bht;Phenoxyethanol;Iron Oxides (Ci 77491)",0.0,8.0,701.0,3.875,0.5,Eye Care,124.0,48.44,1.14,moisturizer,nan
Moisturizer,DR. JART+,Ceramidin™ Cream,48,4.6,"Water, Glycerin, Dipropylene Glycol, Cetearyl Alcohol, Caprylic/Capric Triglyceride, Hydrogenated Poly(C6-14 Olefin), Hydrogenated Polydecene, Methyl Trimethicone, 1, 2-Hexanediol, Bifida Ferment Lysate, Phenyl Trimethicone, Vegetable Oil, Butyrospermum Parkii (Shea) Butter, Glyceryl Stearate SE, Ceramide NP, Stearic Acid, Algae Extract, Eclipta Prostrata Leaf Extract, Cetearyl Glucoside, Hydrogenated Lecithin, Microcrystalline Cellulose, Butylene Glycol, C12-16 Alcohols, Ammonium Acryloyldimethyltaurate/VP Copolymer, Malt Extract, Beta Vulgaris (Beet) Root Extract, Melia Azadirachta Flower Extract, Melia Azadirachta Leaf Extract, Throbroma Caco (Cocoa) Seed Extract, Curuma Longa (Turmeric) Root Extract, Ocimum Sanctum Leaf Extract, Amaranthus Caudatus Seed Extract, Ulmus Davidiana Root Extract, Avena Sativa (Oat) Kernel Extract, Cynara Scolymus (Artichoke) Leaf Extract, Pteris Multifida Extract, Artemisia Vulgaris Extract, Corallina Officinalis Extract, Pyracantha Fortuneana Fruit Extract, Glycerly Polymethacrylate, Cholesterol, Citrus Aurantium Bergamia (Bergamot) Fruit Oil, Hydrolyzed Corn Starch, Sodium Hyaluronate, Pelargonium Graveolens Flower Oil, Fructooligosaccharides, Beta-Glucan, Dextrin, Disodium EDTA, Panthenol, Polyquaternium-51, Raffinose, Hydrolyzed Hyaluronic Acid, Folic Acid, Salvia Officinalis (Sage) Oil, Pogostemon Cablin Oil, Tromethamine, Ceramide AP, Ceramide AS, Ceramide NS, Palmitoyl Pentapeptide-4, Ceramide EOP.",1,1,1,0,1,ceramidin_cream,dr._jart,moisturizer,dr._jart_ceramidin_cream,,,,,,,,,,"Glycerin;Dipropylene Glycol;Cetearyl Alcohol;Caprylic/Capric Triglyceride;Hydrogenated Poly(C6-14 Olefin);Hydrogenated Polydecene;Methyl Trimethicone;1;2-Hexanediol;Bifida Ferment Lysate;Phenyl Trimethicone;Vegetable Oil;Butyrospermum Parkii (Shea) Butter;Glyceryl Stearate SE;Ceramide NP;Stearic Acid;Algae Extract;Eclipta Prostrata Leaf Extract;Cetearyl Glucoside;Hydrogenated Lecithin;Microcrystalline Cellulose;Butylene Glycol;C12-16 Alcohols;Ammonium Acryloyldimethyltaurate/VP Copolymer;Malt Extract;Beta Vulgaris (Beet) Root Extract;Melia Azadirachta Flower Extract;Melia Azadirachta Leaf Extract;Throbroma Caco (Cocoa) Seed Extract;Curuma Longa (Turmeric) Root Extract;Ocimum Sanctum Leaf Extract;Amaranthus Caudatus Seed Extract;Ulmus Davidiana Root Extract;Avena Sativa (Oat) Kernel Extract;Cynara Scolymus (Artichoke) Leaf Extract;Pteris Multifida Extract;Artemisia Vulgaris Extract;Corallina Officinalis Extract;Pyracantha Fortuneana Fruit Extract;Glycerly Polymethacrylate;Cholesterol;Citrus Aurantium Bergamia (Bergamot) Fruit Oil;Hydrolyzed Corn Starch;Sodium Hyaluronate;Pelargonium Graveolens Flower Oil;Fructooligosaccharides;Beta-Glucan;Dextrin;Disodium EDTA;Panthenol;Polyquaternium-51;Raffinose;Hydrolyzed Hyaluronic Acid;Folic Acid;Salvia Officinalis (Sage) Oil;Pogostemon Cablin Oil;Tromethamine;Ceramide AP;Ceramide AS;Ceramide NS;Palmitoyl Pentapeptide-4;Ceramide EOP,",0.0,917.0,17578.0,4.6074,1.69,,28.4,0.5,5.22,moisturizer,nan
Moisturizer,SUNDAY RILEY,Juno Antioxidant + Superfood Face Oil,72,4.4,"Rubus Fruticosus (Cold Pressed Blackberry) Seed Oil, Vaccinium Corymbosum (Cold Pressed Blueberry) Seed Oil, Vitis Vinifera (Cold Pressed Chardonnay Grape Seed Oil) Seed Oil, Vaccinium Macrocarpon (Cold Pressed Cranberry) Seed Oil, Rubus Idaeus (Cold Pressed Red Raspberry) Seed Oil, Daucus Carota Sativa (Cold Pressed Wild Carrot) Seed Oil, Nigella Sativa (Cold Pressed Black Cumin) Seed Oil, Brassica Oleracea Italic (Cold Pressed Broccoli) Seed Oil, Limnanthes Alba (Meadowfoam) Seed Oil.",0,1,1,0,1,juno_antioxidant_superfood_face_oil,sunday_riley,moisturizer,sunday_riley_juno_antioxidant_superfood_face_oil,0.0,378.0,43924.0,4.4127,1.18,Moisturizers,61.02,1.17,0.86,"Rubus Fruticosus (Cold Pressed Blackberry) Seed Oil;Vaccinium Corymbosum (Cold Pressed Blueberry) Seed Oil;Vitis Vinifera (Cold Pressed Chardonnay Grape Seed Oil) Seed Oil;Vaccinium Macrocarpon (Cold Pressed Cranberry) Seed Oil;Rubus Idaeus (Cold Pressed Red Raspberry) Seed Oil;Daucus Carota Sativa (Cold Pressed Wild Carrot) Seed Oil;Nigella Sativa (Cold Pressed Black Cumin) Seed Oil;Brassica Oleracea Italic (Cold Pressed Broccoli) Seed Oil;Limnanthes Alba (Meadowfoam) Seed Oil,",0.0,378.0,43924.0,4.4127,1.18,Moisturizers,61.02,1.17,0.86,moisturizer,Very High (26k - 193k)
Moisturizer,FRESH,Seaberry Moisturizing Face Oil,52,4.4,"Vitis Vinifera (Grape) Seed Oil, Camellia Oleifera Seed Oil, Prunus Amygdalus Dulcis (Sweet Almond) Oil, Hippophae Rhamnoides Oil, Ros- marinus Officinalis (Rosemary) Leaf Extract, Vaccinium Macrocarpon (Cran- berry) Seed Oil, Tocopheryl Acetate, Tocopherol, Ascorbyl Tetraisopalmitate, Parfum (Fragrance), BHT, Linalool, Limonene, Citral, Coumarin, Geraniol.",0,0,0,0,0,seaberry_moisturizing_face_oil,fresh,moisturizer,fresh_seaberry_moisturizing_face_oil,0.0,1000.0,49019.0,4.4355,1.6,Moisturizers,33.12,0.44,2.04,"Vitis Vinifera (Grape) Seed Oil;Camellia Oleifera Seed Oil;Prunus Amygdalus Dulcis (Sweet Almond) Oil;Hippophae Rhamnoides Oil;Ros- marinus Officinalis (Rosemary) Leaf Extract;Vaccinium Macrocarpon (Cran- berry) Seed Oil;Tocopheryl Acetate;Tocopherol;Ascorbyl Tetraisopalmitate;Parfum (Fragrance);BHT;Linalool;Limonene;Citral;Coumarin;Geraniol,",0.0,1000.0,49019.0,4.4355,1.6,Moisturizers,33.12,0.44,2.04,moisturizer,Very High (26k - 193k)
Moisturizer,LANEIGE,BB Cushion Hydra Radiance SPF 50,38,4.3,"Water, Cyclopentasiloxane, Zinc Oxide (CI 77947), Ethylhexyl Methoxycinnamate, PEG-10 Dimethicone, Cyclohexasiloxane, Phenyl Trimethicone, Iron Oxides (CI 77492), Butylene Glycol Dicaprylate/Dicaprate, Niacinamide, Lauryl PEG-9 Polydimethylsiloxyethyl Dimethicone, Acrylates/Ethylhexyl Acrylate/Dimethicone Methacrylate Copolymer, Titanium Dioxide (CI 77891 , Iron Oxides (CI 77491), Butylene Glycol, Sodium Chloride, Iron Oxides (CI 77499), Aluminum Hydroxide, HDI/Trimethylol Hexyllactone Crosspolymer, Stearic Acid, Methyl Methacrylate Crosspolymer, Triethoxycaprylylsilane, Phenoxyethanol, Fragrance, Disteardimonium Hectorite, Caprylyl Glycol, Yeast Extract, Acrylates/Stearyl Acrylate/Dimethicone Methacrylate Copolymer, Dimethicone, Trimethylsiloxysilicate, Polysorbate 80, Disodium EDTA, Hydrogenated Lecithin, Dimethicone/Vinyl Dimethicone Crosspolymer, Mica (CI 77019), Silica, 1,2-Hexanediol, Polypropylsilsesquioxane, Chenopodium Quinoa Seed Extract, Magnesium Sulfate, Calcium Chloride, Camellia Sinensis Leaf Extract, Manganese Sulfate, Zinc Sulfate, Ascorbyl Glucoside.",1,1,1,1,1,bb_cushion_hydra_radiance_spf_50,laneige,moisturizer,laneige_bb_cushion_hydra_radiance_spf_50,0.0,1000.0,26255.0,4.2886,0.5,Moisturizers,76.0,0.43,3.81,"Cyclopentasiloxane;Zinc Oxide (CI 77947);Ethylhexyl Methoxycinnamate;PEG-10 Dimethicone;Cyclohexasiloxane;Phenyl Trimethicone;Iron Oxides (CI 77492);Butylene Glycol Dicaprylate/Dicaprate;Niacinamide;Lauryl PEG-9 Polydimethylsiloxyethyl Dimethicone;Acrylates/Ethylhexyl Acrylate/Dimethicone Methacrylate Copolymer;Titanium Dioxide (CI 77891;Iron Oxides (CI 77491);Butylene Glycol;Sodium Chloride;Iron Oxides (CI 77499);Aluminum Hydroxide;HDI/Trimethylol Hexyllactone Crosspolymer;Stearic Acid;Methyl Methacrylate Crosspolymer;Triethoxycaprylylsilane;Phenoxyethanol;Fragrance;Disteardimonium Hectorite;Caprylyl Glycol;Yeast Extract;Acrylates/Stearyl Acrylate/Dimethicone Methacrylate Copolymer;Dimethicone;Trimethylsiloxysilicate;Polysorbate 80;Disodium EDTA;Hydrogenated Lecithin;Dimethicone/Vinyl Dimethicone Crosspolymer;Mica (CI 77019);Silica;1,2-Hexanediol;Polypropylsilsesquioxane;Chenopodium Quinoa Seed Extract;Magnesium Sulfate;Calcium Chloride;Camellia Sinensis Leaf Extract;Manganese Sulfate;Zinc Sulfate;Ascorbyl Glucoside,",0.0,1000.0,26255.0,4.2886,0.5,Moisturizers,76.0,0.43,3.81,moisturizer,High (13k - 26k)
Moisturizer,AMOREPACIFIC,FUTURE RESPONSE Age Defense Creme,195,4.4,"Camellia Sinensis Leaf Water, Butylene Glycol, Dicaprylyl Carbonate, Caprylic/Capric Triglyceride, Glycerin, Water, Butyrospermum Parkii (Shea) Butter, Alcohol, Behenyl Alcohol, Hydrogenated Poly(C6-14 Olefin), Arachidyl Alcohol, Pentaerythrityl Tetraisostearate, Pentaerythrityl Tetraethylhexanoate, Dimethicone, Mangifera Indica (Mango) Seed Butter, Hydrogenated Polydecene, Tricholoma Matsutake Extract, Camellia Sinensis Leaf Extract, Sodium Hyaluronate, Punica Granatum Extract, Opuntia Coccinellifera Fruit Extract, Iris Florentina Root Extract, Lagerstroemia Indica Flower Extract, Gossypium Herbaceum (Cotton) Extract, Centella Asiatica Extract, Oryza Sativa (Rice) Germ Extract, Zingiber Officinale (Ginger) Root Extract, Glycine Soja (Soybean) Seed Extract, Magnolia Obovata Bark Extract, Nelumbo Nucifera Flower Extract, Camellia Sinensis Leaf Powder, Theanine, Epigallocatechin Gallate, Sorbitol, Beta-Glucan, Trisiloxane, Arachidyl Glucoside, Polyacrylate-13, Propanediol, Cyclopentasiloxane, Dimethiconol, Polyisobutene, Carbomer, Glyceryl Stearate, Peg-100 Stearate, Polysorbate 20, 1,2-Hexanediol, Caprylyl Glycol, Polyglutamic Acid, Kaolin, Ethylhexylglycerin, Triethanolamine, Disodium Edta, Phenoxyethanol, Fragrance.",1,1,1,1,1,future_response_age_defense_creme,amorepacific,moisturizer,amorepacific_future_response_age_defense_creme,,,,,,,,,,"Camellia Sinensis Leaf Water;Butylene Glycol;Dicaprylyl Carbonate;Caprylic/Capric Triglyceride;Glycerin;Butyrospermum Parkii (Shea) Butter;Alcohol;Behenyl Alcohol;Hydrogenated Poly(C6-14 Olefin);Arachidyl Alcohol;Pentaerythrityl Tetraisostearate;Pentaerythrityl Tetraethylhexanoate;Dimethicone;Mangifera Indica (Mango) Seed Butter;Hydrogenated Polydecene;Tricholoma Matsutake Extract;Camellia Sinensis Leaf Extract;Sodium Hyaluronate;Punica Granatum Extract;Opuntia Coccinellifera Fruit Extract;Iris Florentina Root Extract;Lagerstroemia Indica Flower Extract;Gossypium Herbaceum (Cotton) Extract;Centella Asiatica Extract;Oryza Sativa (Rice) Germ Extract;Zingiber Officinale (Ginger) Root Extract;Glycine Soja (Soybean) Seed Extract;Magnolia Obovata Bark Extract;Nelumbo Nucifera Flower Extract;Camellia Sinensis Leaf Powder;Theanine;Epigallocatechin Gallate;Sorbitol;Beta-Glucan;Trisiloxane;Arachidyl Glucoside;Polyacrylate-13;Propanediol;Cyclopentasiloxane;Dimethiconol;Polyisobutene;Carbomer;Glyceryl Stearate;Peg-100 Stearate;Polysorbate 20;1,2-Hexanediol;Caprylyl Glycol;Polyglutamic Acid;Kaolin;Ethylhexylglycerin;Triethanolamine;Disodium Edta;Phenoxyethanol;Fragrance,",,,,,,,,,,moisturizer,nan
Moisturizer,GLAMGLOW,THIRSTYMUD™ Hydrating Treatment,59,4.3,"Water, Caprylic/Capric Triglyceride, Glycerin, Butylene Glycol, Cyclopentasiloxane, Glyceryl Polymethacrylate, Pyrus Malus (Apple) Fruit Extract, Peg-8, Glyceryl Stearate, Peg-100 Stearate, Cetearyl Alcohol, Sodium Polyacryloyldimethyl Taurate, Saccharide Isomerate, Caprylyl Glycol, Olea Europaea (Olive) Leaf Powder, Avena Sativa (Oat) Bran Extract, Hydrogenated Polydecene, Polysorbate 60, Cetyl Alcohol, Zingiber Officinale (Ginger) Root Extract, Menthoxypropanediol, Honey/Mel/Miel, Aminomethyl Propanol, Camellia Sinensis (Green Tea) Leaf Powder, Acrylates/C10-30 Alkyl Acrylate Crosspolymer, Ethylhexylglycerin, Tocopheryl Acetate, Allantoin, Kaolin, Hexylene Glycol, Buteth-3, Trideceth-10, Benzophenone-4, Sodium Benzotriazolyl Butylphenol Sulfonate, Cocos Nucifera (Coconut) Fruit Extract, Sodium Hyaluronate, Alcohol, Tris(Tetramethylhydroxypiperidinol) Citrate, Fragrance, Coumarin, Linalool, Tetrahexyldecyl Ascorbate, Disodium Edta, Sodium Benzoate, Potassium Sorbate, Phenoxyethanol",1,1,1,1,0,thirstymud_hydrating_treatment,glamglow,moisturizer,glamglow_thirstymud_hydrating_treatment,,,,,,,,,,Caprylic/Capric Triglyceride;Glycerin;Butylene Glycol;Cyclopentasiloxane;Glyceryl Polymethacrylate;Pyrus Malus (Apple) Fruit Extract;Peg-8;Glyceryl Stearate;Peg-100 Stearate;Cetearyl Alcohol;Sodium Polyacryloyldimethyl Taurate;Saccharide Isomerate;Caprylyl Glycol;Olea Europaea (Olive) Leaf Powder;Avena Sativa (Oat) Bran Extract;Hydrogenated Polydecene;Polysorbate 60;Cetyl Alcohol;Zingiber Officinale (Ginger) Root Extract;Menthoxypropanediol;Honey/Mel/Miel;Aminomethyl Propanol;Camellia Sinensis (Green Tea) Leaf Powder;Acrylates/C10-30 Alkyl Acrylate Crosspolymer;Ethylhexylglycerin;Tocopheryl Acetate;Allantoin;Kaolin;Hexylene Glycol;Buteth-3;Trideceth-10;Benzophenone-4;Sodium Benzotriazolyl Butylphenol Sulfonate;Cocos Nucifera (Coconut) Fruit Extract;Sodium Hyaluronate;Alcohol;Tris(Tetramethylhydroxypiperidinol) Citrate;Fragrance;Coumarin;Linalool;Tetrahexyldecyl Ascorbate;Disodium Edta;Sodium Benzoate;Potassium Sorbate;Phenoxyethanol,0.0,1000.0,95174.0,4.2955,1.7,,34.71,0.43,1.05,moisturizer,nan
Moisturizer,FARMACY,Honey Drop Lightweight Moisturizer with Echinacea GreenEnvy™,45,4.1,"Water, Glycereth-26, Glycerin, C13-15 Alkane, Echinacea Purpurea Root Extract, Honey Extract, Propolis Extract, Royal Jelly Extract, Hydrolyzed Hyaluronic Acid, Hydrolyzed Sodium Hyaluronate, Sodium Hyaluronate, Theobroma Grandflorum Seed Butter, Limnanthes Alba (Meadowfoam) Seed Oil, Camellia Japonica Seed Oil, Paeonia Suffruticosa Root Extract, Scutellaria Baicalensis Root Extract, Allantoin, Melia Azadirachta Leaf Extract, Lactobacillus/Soybean Ferment Extract, Melia Azadirachta Flower Extract, Imperata Cylindrica Root Extract, Viscum Album (Mistletoe) Leaf Extract, Solanum Melongena (Eggplant) Fruit Extract, Ocimum Balsilicum (Basil) Flower/Leaf Extract, Coccinia Indica Fruit Extract, Adenosine, Betaine, Capryloyl Glycerin/Sebacic Acid Copolymer, Curcuma Longa (Turmeric) Root Extract, Aloe Barbadensis Flower Extract, Corallina Officinalis Extract, Ocimum Sanctum Leaf Extract, Eclipta Prostrata Extract, Flavor, Sorbitan Olivate, Sucrose Stearate, Acrylates/C10-30 Alkyl Acrylate Crosspolymer, Disodium Edta, Glyceryl Polyacrylate, Agar, Calcium Alginate, Mica, Iron Oxide (Ci 77492), Propanediol, 1,2-Hexanediol, Methyl Gluceth-20, Diheptyl Succinate, Butylene Glycol, Carbomer, Hydroxyacetophenone, Tromethamine, Cetearyl Olivate, Alcohol Denat., Caprylyl Glycol.",1,1,1,1,1,honey_drop_lightweight_moisturizer_with_echinacea_greenenvy,farmacy,moisturizer,farmacy_honey_drop_lightweight_moisturizer_with_echinacea_greenenvy,,,,,,,,,,"Glycereth-26;Glycerin;C13-15 Alkane;Echinacea Purpurea Root Extract;Honey Extract;Propolis Extract;Royal Jelly Extract;Hydrolyzed Hyaluronic Acid;Hydrolyzed Sodium Hyaluronate;Sodium Hyaluronate;Theobroma Grandflorum Seed Butter;Limnanthes Alba (Meadowfoam) Seed Oil;Camellia Japonica Seed Oil;Paeonia Suffruticosa Root Extract;Scutellaria Baicalensis Root Extract;Allantoin;Melia Azadirachta Leaf Extract;Lactobacillus/Soybean Ferment Extract;Melia Azadirachta Flower Extract;Imperata Cylindrica Root Extract;Viscum Album (Mistletoe) Leaf Extract;Solanum Melongena (Eggplant) Fruit Extract;Ocimum Balsilicum (Basil) Flower/Leaf Extract;Coccinia Indica Fruit Extract;Adenosine;Betaine;Capryloyl Glycerin/Sebacic Acid Copolymer;Curcuma Longa (Turmeric) Root Extract;Aloe Barbadensis Flower Extract;Corallina Officinalis Extract;Ocimum Sanctum Leaf Extract;Eclipta Prostrata Extract;Flavor;Sorbitan Olivate;Sucrose Stearate;Acrylates/C10-30 Alkyl Acrylate Crosspolymer;Disodium Edta;Glyceryl Polyacrylate;Agar;Calcium Alginate;Mica;Iron Oxide (Ci 77492);Propanediol;1,2-Hexanediol;Methyl Gluceth-20;Diheptyl Succinate;Butylene Glycol;Carbomer;Hydroxyacetophenone;Tromethamine;Cetearyl Olivate;Alcohol Denat,;Caprylyl Glycol,",,,,,,,,,,moisturizer,nan
Moisturizer,PETER THOMAS ROTH,Water Drench Hyaluronic Cloud Cream,52,4.4,"Water, Glycerin, Cyclopentasiloxane, Dipropylene Glycol, Dimethicone, Cyclohexasiloxane, Yeast Extract, Sodium Hyaluronate, Ceramide Eop, Ceramide Eos, Ceramide Ap, Ceramide Np, Ceramide Ns, Sambucus Nigra Fruit Extract, Hydrolyzed Silk, Sodium Pca, Tocopherol, Ascorbyl Palmitate, Caprooyl Phytosphingosine, Caprooyl Sphingosine, Saccharide Isomerate, Saccharomyces/Magnesium Ferment, Saccharomyces/Iron Ferment, Saccharomyces/Copper Ferment, Saccharomyces/Silicon Ferment, Saccharomyces/Zinc Ferment, Olea Europaea (Olive) Leaf Extract, Methyl Gluceth-20, Ethylhexylglycerin, Lauryl Peg-9 Polydimethylsiloxyethyl Dimethicone, Cholesterol, Sodium Chloride, Sodium Citrate, Citric Acid, Behenic Acid, Propylene Glycol, Ceteareth-25, Butylene Glycol, Dimethicone/Peg-10/15 Crosspolymer, Cetyl Alcohol, Diso- Dium Edta, Sodium Benzoate, Potassium Sorbate, Phenoxyethanol, Mica.",1,1,1,1,1,water_drench_hyaluronic_cloud_cream,peter_thomas_roth,moisturizer,peter_thomas_roth_water_drench_hyaluronic_cloud_cream,0.0,888.0,32448.0,4.3513,1.7,Moisturizers,30.59,0.49,2.74,"Glycerin;Cyclopentasiloxane;Dipropylene Glycol;Dimethicone;Cyclohexasiloxane;Yeast Extract;Sodium Hyaluronate;Ceramide Eop;Ceramide Eos;Ceramide Ap;Ceramide Np;Ceramide Ns;Sambucus Nigra Fruit Extract;Hydrolyzed Silk;Sodium Pca;Tocopherol;Ascorbyl Palmitate;Caprooyl Phytosphingosine;Caprooyl Sphingosine;Saccharide Isomerate;Saccharomyces/Magnesium Ferment;Saccharomyces/Iron Ferment;Saccharomyces/Copper Ferment;Saccharomyces/Silicon Ferment;Saccharomyces/Zinc Ferment;Olea Europaea (Olive) Leaf Extract;Methyl Gluceth-20;Ethylhexylglycerin;Lauryl Peg-9 Polydimethylsiloxyethyl Dimethicone;Cholesterol;Sodium Chloride;Sodium Citrate;Citric Acid;Behenic Acid;Propylene Glycol;Ceteareth-25;Butylene Glycol;Dimethicone/Peg-10/15 Crosspolymer;Cetyl Alcohol;Diso- Dium Edta;Sodium Benzoate;Potassium Sorbate;Phenoxyethanol;Mica,",0.0,888.0,32448.0,4.3513,1.7,Moisturizers,30.59,0.49,2.74,moisturizer,Very High (26k - 193k)
Moisturizer,AMOREPACIFIC,Vintage Single Extract Essence,145,4.5,"Water, Propanediol, Glycerin, Camellia Sinensis Leaf Extract, 1,2-Hexanediol, Ethylhexylglycerin.",1,1,1,1,0,vintage_single_extract_essence,amorepacific,moisturizer,amorepacific_vintage_single_extract_essence,0.0,102.0,10438.0,4.4902,4.05,Moisturizers,35.8,4.4,0.98,"Propanediol;Glycerin;Camellia Sinensis Leaf Extract;1,2-Hexanediol;Ethylhexylglycerin,",0.0,102.0,10438.0,4.4902,4.05,Moisturizers,35.8,4.4,0.98,moisturizer,Medium (7k - 13k)
Moisturizer,IT COSMETICS,Confidence in a Cream™ Transforming Moisturizing Super Cream,48,4.3,"Water, Butylene Glycol, Cyclopentasiloxane, Glycerin, Butylene Glycol Dicaprylate/Dicaprate, Ethylhexyl Isononanoate, Hydrogenated Polyisobutene, Caprylic/Capric/Myristic/Stearic Triglyceride, Glyceryl Stearate, Peg-100 Stearate, Polyglyceryl-3 Methylglucose Distearate, Stearyl Behenate, Dimethicone, Pentaerythrityl Tetraethylhexanoate, Biosaccharide Gum-1, Dimethicone/Vinyl Dimethicone Crosspolymer, Cetearyl Alcohol, Palmitic Acid, Stearic Acid, Polyethylene, Peg/Ppg-20/15 Dimethicone, Phenyl Methicone, Portulaca Oleracea Extract, Cocos Nucifera (Coconut) Oil, Aloe Barbadensis Leaf Extract, Butyrospermum Parkii (Shea) Butter, Hydroxyethyl Acrylate/Sodium Acryloyldimethyl Taurate Copolymer, Sodium Hyaluronate, Hydrogenated Lecithin, Polyquaternium-51, Niacinamide, Hydrolyzed Collagen, Camellia Sinensis Leaf Extract, Tocopheryl Acetate, Carbomer, Peg-150 Distearate, Ceramide Ap, Glycosphingolipids, Glyceryl Polymethacrylate, Meadowfoam Estolide, Sorbitan Isostearate, Squalane, Palmitoyl Pentapeptide-4, Polysorbate 20, Steareth-20, N-Hydroxysuccinimide, Chrysin, Palmitoyl Tripeptide-1, Palmitoyl Tetrapeptide-7, Polysorbate 60, Aleuritic Acid, Yeast Extract, Glycoproteins, Betaine, Hydrogenated Polydecene, Ceramide Np, Allantoin, Colloidal Oatmeal, Retinyl Retinoate, Polylactic Acid, Canola Oil, Cholesteryl Nonanoate, Ascorbyl Tetraisopalmitate, Glycyrrhiza Glabra (Licorice) Root Extract, Chamomilla Recutita (Matricaria) Flower Water, Curcuma Longa (Turmeric) Root Extract, Leuconostoc/Radish Root Ferment Filtrate, Eruca Sativa Leaf Extract, Glyceryl Citrate/Lactate/Linoleate/Oleate, Ceteareth-20, Hydroxypropyl Bispalmitamide Mea, Glycine Soja (Soybean) Sterols, Melaleuca Alternifolia (Tea Tree) Leaf Oil, Phytosteryl/Isostearyl/Cetyl/Stearyl/Behenyl Dimer Dilinoleate, Santalum Album (Sandalwood) Oil, Chamomilla Recutita (Matricaria) Flower Oil, Caprylhydroxamic Acid, Cetearyl Glucoside, Glucose, Stearyl Stearate, Tromethamine, Citric Acid, 1,2-Hexanediol, Chlorhexidine Digluconate, Potassium Sorbate, Dipropylene Glycol, Lavandula Angustifolia (Lavender) Oil, Citrus Paradisi (Grapefruit) Peel Oil, Cymbopogon Citratus Leaf Oil, Pelargonium Graveolens Oil, Citrus Aurantium Dulcis (Orange) Peel Oil, Pogostemon Cablin Oil, Citrus Aurantium Bergamia (Bergamot) Fruit Oil, Ethylhexylglycerin, Caramel, Disodium EDTA, Phenoxyethanol, Caprylyl Glycol, Limonene, Linalool.",1,1,1,1,1,confidence_in_a_cream_transforming_moisturizing_super_cream,it_cosmetics,moisturizer,it_cosmetics_confidence_in_a_cream_transforming_moisturizing_super_cream,,,,,,,,,,"Butylene Glycol;Cyclopentasiloxane;Glycerin;Butylene Glycol Dicaprylate/Dicaprate;Ethylhexyl Isononanoate;Hydrogenated Polyisobutene;Caprylic/Capric/Myristic/Stearic Triglyceride;Glyceryl Stearate;Peg-100 Stearate;Polyglyceryl-3 Methylglucose Distearate;Stearyl Behenate;Dimethicone;Pentaerythrityl Tetraethylhexanoate;Biosaccharide Gum-1;Dimethicone/Vinyl Dimethicone Crosspolymer;Cetearyl Alcohol;Palmitic Acid;Stearic Acid;Polyethylene;Peg/Ppg-20/15 Dimethicone;Phenyl Methicone;Portulaca Oleracea Extract;Cocos Nucifera (Coconut) Oil;Aloe Barbadensis Leaf Extract;Butyrospermum Parkii (Shea) Butter;Hydroxyethyl Acrylate/Sodium Acryloyldimethyl Taurate Copolymer;Sodium Hyaluronate;Hydrogenated Lecithin;Polyquaternium-51;Niacinamide;Hydrolyzed Collagen;Camellia Sinensis Leaf Extract;Tocopheryl Acetate;Carbomer;Peg-150 Distearate;Ceramide Ap;Glycosphingolipids;Glyceryl Polymethacrylate;Meadowfoam Estolide;Sorbitan Isostearate;Squalane;Palmitoyl Pentapeptide-4;Polysorbate 20;Steareth-20;N-Hydroxysuccinimide;Chrysin;Palmitoyl Tripeptide-1;Palmitoyl Tetrapeptide-7;Polysorbate 60;Aleuritic Acid;Yeast Extract;Glycoproteins;Betaine;Hydrogenated Polydecene;Ceramide Np;Allantoin;Colloidal Oatmeal;Retinyl Retinoate;Polylactic Acid;Canola Oil;Cholesteryl Nonanoate;Ascorbyl Tetraisopalmitate;Glycyrrhiza Glabra (Licorice) Root Extract;Chamomilla Recutita (Matricaria) Flower Water;Curcuma Longa (Turmeric) Root Extract;Leuconostoc/Radish Root Ferment Filtrate;Eruca Sativa Leaf Extract;Glyceryl Citrate/Lactate/Linoleate/Oleate;Ceteareth-20;Hydroxypropyl Bispalmitamide Mea;Glycine Soja (Soybean) Sterols;Melaleuca Alternifolia (Tea Tree) Leaf Oil;Phytosteryl/Isostearyl/Cetyl/Stearyl/Behenyl Dimer Dilinoleate;Santalum Album (Sandalwood) Oil;Chamomilla Recutita (Matricaria) Flower Oil;Caprylhydroxamic Acid;Cetearyl Glucoside;Glucose;Stearyl Stearate;Tromethamine;Citric Acid;1,2-Hexanediol;Chlorhexidine Digluconate;Potassium Sorbate;Dipropylene Glycol;Lavandula Angustifolia (Lavender) Oil;Citrus Paradisi (Grapefruit) Peel Oil;Cymbopogon Citratus Leaf Oil;Pelargonium Graveolens Oil;Citrus Aurantium Dulcis (Orange) Peel Oil;Pogostemon Cablin Oil;Citrus Aurantium Bergamia (Bergamot) Fruit Oil;Ethylhexylglycerin;Caramel;Disodium EDTA;Phenoxyethanol;Caprylyl Glycol;Limonene;Linalool,",,,,,,,,,,moisturizer,nan
Moisturizer,FRESH,Black Tea Corset Cream Firming Moisturizer,95,4.0,"Water, Isononyl Isononanoate, CetearylIsononanoate, Hydrogenated Polyisobutene, Butylene Glycol,Glycerin, Pentylene Glycol, Steareth-21, Jojoba Esters, AlpiniaGalanga Leaf Extract, Algin, Saccharomyces Ferment Filtrate,Camellia Sinensis Leaf Extract, Lycium Chinense Fruit Extract,Rubus Fruticosus (Blackberry) Leaf Extract, Litchi Chinensis SeedExtract, Sorbitan Laurate, Sodium Hyaluronate, Hydroxyethylcellu-lose, Adenosine, Acetyl Dipeptide-1 Cetyl Ester, Tocopheryl Acetate,Tocopherol, Myristyl Myristate, Behenyl Alcohol, Cetyl Alcohol,Stearyl Alcohol, Glyceryl Stearate, Decyloxazolidinone, Dimethicone,Diphenylsiloxy Phenyl Trimethicone, Fragrance, Polyacryl-amide, Acrylates/C10-30 Alkyl Acrylate Crosspolymer, C13-14Isoparaffin, Xanthan Gum, Sorbitol, Tromethamine, Maltodextrin,Dimethicone/Phenyl Vinyl Dimethicone Crosspolymer, Laureth-7,Polyvinyl Alcohol, BHT, Cellulose Gum, Caprylic/CapricTriglyceride, Citric Acid, Sodium Benzoate, Sodium Citrate,Potassium Sorbate, Biotin, Phenoxyethanol, Linalool,Citronellol, Geraniol.",0,0,0,0,0,black_tea_corset_cream_firming_moisturizer,fresh,moisturizer,fresh_black_tea_corset_cream_firming_moisturizer,0.0,92.0,16014.0,4.0326,1.6,Moisturizers,59.38,4.38,0.57,"Isononyl Isononanoate;CetearylIsononanoate;Hydrogenated Polyisobutene;Butylene Glycol;Glycerin;Pentylene Glycol;Steareth-21;Jojoba Esters;AlpiniaGalanga Leaf Extract;Algin;Saccharomyces Ferment Filtrate;Camellia Sinensis Leaf Extract;Lycium Chinense Fruit Extract;Rubus Fruticosus (Blackberry) Leaf Extract;Litchi Chinensis SeedExtract;Sorbitan Laurate;Sodium Hyaluronate;Hydroxyethylcellu-lose;Adenosine;Acetyl Dipeptide-1 Cetyl Ester;Tocopheryl Acetate;Tocopherol;Myristyl Myristate;Behenyl Alcohol;Cetyl Alcohol;Stearyl Alcohol;Glyceryl Stearate;Decyloxazolidinone;Dimethicone;Diphenylsiloxy Phenyl Trimethicone;Fragrance;Polyacryl-amide;Acrylates/C10-30 Alkyl Acrylate Crosspolymer;C13-14Isoparaffin;Xanthan Gum;Sorbitol;Tromethamine;Maltodextrin;Dimethicone/Phenyl Vinyl Dimethicone Crosspolymer;Laureth-7;Polyvinyl Alcohol;BHT;Cellulose Gum;Caprylic/CapricTriglyceride;Citric Acid;Sodium Benzoate;Sodium Citrate;Potassium Sorbate;Biotin;Phenoxyethanol;Linalool;Citronellol;Geraniol,",0.0,92.0,16014.0,4.0326,1.6,Moisturizers,59.38,4.38,0.57,moisturizer,High (13k - 26k)
Moisturizer,FRESH,Crème Ancienne®,290,4.4,"Limnanthes Alba (Meadowfoam) Seed Oil, Water, Cera Alba (Beeswax), Pentylene Glycol, Prunus Amygdalus Dulcis (Sweet Almond) Oil, Citrus Limon (Lemon) Peel Oil, Osmanthus Fragrans Flower Extract, Rosa Damascena Flower Water, Anthemis Nobilis Flower Oil, Ormenis Multicaulis Flower Wax, Tocopherol, Sodium Carbonate, Limonene, Citronellol, Geraniol, Citral.",1,1,1,1,1,crème_ancienne,fresh,moisturizer,fresh_crème_ancienne,,,,,,,,,,"Limnanthes Alba (Meadowfoam) Seed Oil;Cera Alba (Beeswax);Pentylene Glycol;Prunus Amygdalus Dulcis (Sweet Almond) Oil;Citrus Limon (Lemon) Peel Oil;Osmanthus Fragrans Flower Extract;Rosa Damascena Flower Water;Anthemis Nobilis Flower Oil;Ormenis Multicaulis Flower Wax;Tocopherol;Sodium Carbonate;Limonene;Citronellol;Geraniol;Citral,",0.0,180.0,9362.0,4.4056,3.5,,84.57,2.45,1.92,moisturizer,nan
Moisturizer,FIRST AID BEAUTY,Hello FAB Coconut Skin Smoothie Priming Moisturizer,28,4.2,"Cocos Nucifera (Coconut) Fruit Juice, Glucose, C12-15 Alkyl Benzoate, Maltodextrin, Water, Cyclopentasiloxane, Butylene Glycol, Glycerin, Caprylic/Capric Triglyceride, Mica, Sodium Acrylate/Sodium Acryloyldimethyl Taurate Copolymer, Cocos Nucifera (Coconut) Fruit Extract, Selaginella Lepidophylla Extract, Prunus Armeniaca (Apricot) Fruit Extract, Pyrus Malus (Apple) Fruit Extract, Vanilla Planifolia Fruit Extract, Hydrolyzed Quinoa, Coffea Arabica (Coffee) Seed Extract, Dipteryx Odorata Seed Extract, Saccharomyces/Copper Ferment, Saccharomyces/Iron Ferment, Saccharomyces/Magnesium Ferment, Saccharomyces/Silicon Ferment, Saccharomyces/Zinc Ferment, Camellia Sinensis Leaf Extract, Chrysanthemum Parthenium (Feverfew) Extract, Glycyrrhiza Glabra (Licorice) Root Extract, Ethylhexylglycerin, Sorbitan Oleate, Dimethicone Crosspolymer, Isohexadecane, Acrylates/C10-30 Alkyl Acrylate Crosspolymer, Polysorbate 80, Lactobacillus Ferment, Leuconostoc/Radish Root Ferment Filtrate, Phenoxyethanol, Disodium EDTA, Tin Oxide, Benzyl Alcohol, Potassium Sorbate, Sodium Benzoate, Sodium Hydroxide, CI 77891 (Titanium Dioxide), CI 77491 (Iron Oxides).",1,1,1,1,1,hello_fab_coconut_skin_smoothie_priming_moisturizer,first_aid_beauty,moisturizer,first_aid_beauty_hello_fab_coconut_skin_smoothie_priming_moisturizer,0.0,1000.0,56776.0,4.218,1.7,Moisturizers,16.47,0.42,1.76,"Cocos Nucifera (Coconut) Fruit Juice;Glucose;C12-15 Alkyl Benzoate;Maltodextrin;Cyclopentasiloxane;Butylene Glycol;Glycerin;Caprylic/Capric Triglyceride;Mica;Sodium Acrylate/Sodium Acryloyldimethyl Taurate Copolymer;Cocos Nucifera (Coconut) Fruit Extract;Selaginella Lepidophylla Extract;Prunus Armeniaca (Apricot) Fruit Extract;Pyrus Malus (Apple) Fruit Extract;Vanilla Planifolia Fruit Extract;Hydrolyzed Quinoa;Coffea Arabica (Coffee) Seed Extract;Dipteryx Odorata Seed Extract;Saccharomyces/Copper Ferment;Saccharomyces/Iron Ferment;Saccharomyces/Magnesium Ferment;Saccharomyces/Silicon Ferment;Saccharomyces/Zinc Ferment;Camellia Sinensis Leaf Extract;Chrysanthemum Parthenium (Feverfew) Extract;Glycyrrhiza Glabra (Licorice) Root Extract;Ethylhexylglycerin;Sorbitan Oleate;Dimethicone Crosspolymer;Isohexadecane;Acrylates/C10-30 Alkyl Acrylate Crosspolymer;Polysorbate 80;Lactobacillus Ferment;Leuconostoc/Radish Root Ferment Filtrate;Phenoxyethanol;Disodium EDTA;Tin Oxide;Benzyl Alcohol;Potassium Sorbate;Sodium Benzoate;Sodium Hydroxide;CI 77891 (Titanium Dioxide);CI 77491 (Iron Oxides),",0.0,1000.0,56776.0,4.218,1.7,Moisturizers,16.47,0.42,1.76,moisturizer,Very High (26k - 193k)
Moisturizer,IT COSMETICS,Secret Sauce Clinically Advanced Miraculous Anti-Aging Moisturizer,68,3.8,"Water, Butylene Glycol, Cetyl Ethylhexanoate, Glycerin, Caprylic/Capric Triglyceride, Tribehenin Peg-20 Esters, Olea Europaea (Olive) Fruit Oil, Hydrogenated Polyisobutene, Glyceryl Stearate, Palmitic Acid, Sodium Acrylate/Sodium Acryloyldimethyl Taurate Copolymer, Stearic Acid, Dimethicone, Isohexadecane, Phenoxyethanol, Tocopheryl Acetate, Chlorphenesin, Tromethamine, Acrylates/C10-30 Alkyl Acrylate Crosspolymer, Polysorbate 80, Ethylhexylglycerin, Caprylyl Glycol, Sorbitan Oleate, Fragrance, Disodium Edta, Myristic Acid, Squalane, Ascorbic Acid, Colloidal Oatmeal, Cholesteryl Oleyl Carbonate, Niacinamide, Lactobacillus/Pumpkin Ferment Extract, Polymethylsilsesquioxane, Aloe Barbadensis Leaf Extract, Lactobacillus/Dipteryx Odorata Seed Ferment Filtrate, Camellia Sinensis Leaf Extract, Tocopherol, Panax Ginseng Root Extract, Sodium Hyaluronate, Cholesteryl Nonanoate, Cholesteryl Isostearate, Cholesteryl Chloride, Saccharum Officinarum (Sugar Cane) Extract, Cocos Nucifera (Coconut) Fruit Extract, Curcuma Longa (Turmeric) Root Extract, Vegetable Oil, Sophora Japonica Flower Extract, Aspergillus/Saccharomyces/Rice Ferment Filtrate, Peg-40 Hydrogenated Castor Oil, Glycyrrhiza Glabra (Licorice) Root Extract, Retinyl Palmitate, 1,2-Hexanediol, Steareth-20, Leuconostoc/Radish Root Ferment Filtrate, Hizikia Fusiforme Extract, Chlorella Minutissima Extract, Spirulina Platensis Extract, Codium Fragile Extract, Ulva Lactuca Extract, Fucus Vesiculosus Extract, Laminaria Saccharina Extract, Gelidium Cartilagineum Extract, Macrocystis Pyrifera Extract, Laminaria Digitata Extract, Lactobacillus/Algae Extract Ferment, Codium Tomentosum Extract, Sargassum Muticum Extract, Pikea Robusta Extract, Algae Extract, Agarum Cribosum Extract, Hydrolyzed Algae Extract, Laminaria Japonica Extract, Hydrolyzed Ulva Lactuca Extract, Porphyra Yezoensis Extract, Chlorella Ferment, Ecklonia Cava Extract, Enteromorpha Compressa Extract, Haematococcus Pluvialis Extract, Dunaliella Salina Extract, Undaria Pinnatifida Extract, Laminaria Cloustoni Extract, Sargassum Fulvellum Extract, Salicornia Herbacea Extract, Hypnea Musciformis Extract, Jania Rubens Extract, Citric Acid, Aspergillus/Rice Ferment Extract, Polysorbate 20, Rice Ferment Filtrate (Sake), N-Hydroxysuccinimide, Chamomilla Recutita (Matricaria) Flower Water, Lactobacillus/Centella Asiatica/Gleditsia Sinensis Thorn/Houttuynia Cordata Extract/Phellodendron Amurense Bark/Polygonum Cuspidatum Root/Prunella Vulgaris/Torilis Japonica Extract Ferment Filtrate, Phaseolus Angularis Seed Extract, Saccharomyces/Camellia Sinensis Extract Ferment Filtrate, Lactobacillus Ferment, Lactobacillus/Rice Ferment Filtrate, Bacillus/Cordyceps Sinensis/Ganoderma Lucidum/Inonotus Obliquus/Lentinus Edodes/Phellinus Linteus/Schizophyllum Commune/Tricholoma Matsutake Extract Ferment Filtrate, Carbomer, Hydrolyzed Collagen, Algae Oligosaccharides, Macrocystis Pyrifera (Kelp) Protein, Diamond Powder, Potassium Sorbate, Acetyl Hexapeptide-8, Palmitoyl Pentapeptide-4, Palmitoyl Oligopeptide, Chrysin, Palmitoyl Tetrapeptide-7, Chlorhexidine Digluconate.",1,1,1,1,1,secret_sauce_clinically_advanced_miraculous_anti_aging_moisturizer,it_cosmetics,moisturizer,it_cosmetics_secret_sauce_clinically_advanced_miraculous_anti_aging_moisturizer,,,,,,,,,,"Butylene Glycol;Cetyl Ethylhexanoate;Glycerin;Caprylic/Capric Triglyceride;Tribehenin Peg-20 Esters;Olea Europaea (Olive) Fruit Oil;Hydrogenated Polyisobutene;Glyceryl Stearate;Palmitic Acid;Sodium Acrylate/Sodium Acryloyldimethyl Taurate Copolymer;Stearic Acid;Dimethicone;Isohexadecane;Phenoxyethanol;Tocopheryl Acetate;Chlorphenesin;Tromethamine;Acrylates/C10-30 Alkyl Acrylate Crosspolymer;Polysorbate 80;Ethylhexylglycerin;Caprylyl Glycol;Sorbitan Oleate;Fragrance;Disodium Edta;Myristic Acid;Squalane;Ascorbic Acid;Colloidal Oatmeal;Cholesteryl Oleyl Carbonate;Niacinamide;Lactobacillus/Pumpkin Ferment Extract;Polymethylsilsesquioxane;Aloe Barbadensis Leaf Extract;Lactobacillus/Dipteryx Odorata Seed Ferment Filtrate;Camellia Sinensis Leaf Extract;Tocopherol;Panax Ginseng Root Extract;Sodium Hyaluronate;Cholesteryl Nonanoate;Cholesteryl Isostearate;Cholesteryl Chloride;Saccharum Officinarum (Sugar Cane) Extract;Cocos Nucifera (Coconut) Fruit Extract;Curcuma Longa (Turmeric) Root Extract;Vegetable Oil;Sophora Japonica Flower Extract;Aspergillus/Saccharomyces/Rice Ferment Filtrate;Peg-40 Hydrogenated Castor Oil;Glycyrrhiza Glabra (Licorice) Root Extract;Retinyl Palmitate;1,2-Hexanediol;Steareth-20;Leuconostoc/Radish Root Ferment Filtrate;Hizikia Fusiforme Extract;Chlorella Minutissima Extract;Spirulina Platensis Extract;Codium Fragile Extract;Ulva Lactuca Extract;Fucus Vesiculosus Extract;Laminaria Saccharina Extract;Gelidium Cartilagineum Extract;Macrocystis Pyrifera Extract;Laminaria Digitata Extract;Lactobacillus/Algae Extract Ferment;Codium Tomentosum Extract;Sargassum Muticum Extract;Pikea Robusta Extract;Algae Extract;Agarum Cribosum Extract;Hydrolyzed Algae Extract;Laminaria Japonica Extract;Hydrolyzed Ulva Lactuca Extract;Porphyra Yezoensis Extract;Chlorella Ferment;Ecklonia Cava Extract;Enteromorpha Compressa Extract;Haematococcus Pluvialis Extract;Dunaliella Salina Extract;Undaria Pinnatifida Extract;Laminaria Cloustoni Extract;Sargassum Fulvellum Extract;Salicornia Herbacea Extract;Hypnea Musciformis Extract;Jania Rubens Extract;Citric Acid;Aspergillus/Rice Ferment Extract;Polysorbate 20;Rice Ferment Filtrate (Sake);N-Hydroxysuccinimide;Chamomilla Recutita (Matricaria) Flower Water;Lactobacillus/Centella Asiatica/Gleditsia Sinensis Thorn/Houttuynia Cordata Extract/Phellodendron Amurense Bark/Polygonum Cuspidatum Root/Prunella Vulgaris/Torilis Japonica Extract Ferment Filtrate;Phaseolus Angularis Seed Extract;Saccharomyces/Camellia Sinensis Extract Ferment Filtrate;Lactobacillus Ferment;Lactobacillus/Rice Ferment Filtrate;Bacillus/Cordyceps Sinensis/Ganoderma Lucidum/Inonotus Obliquus/Lentinus Edodes/Phellinus Linteus/Schizophyllum Commune/Tricholoma Matsutake Extract Ferment Filtrate;Carbomer;Hydrolyzed Collagen;Algae Oligosaccharides;Macrocystis Pyrifera (Kelp) Protein;Diamond Powder;Potassium Sorbate;Acetyl Hexapeptide-8;Palmitoyl Pentapeptide-4;Palmitoyl Oligopeptide;Chrysin;Palmitoyl Tetrapeptide-7;Chlorhexidine Digluconate,",,,,,,,,,,moisturizer,nan
Moisturizer,SHISEIDO,Benefiance WrinkleResist24 Day Cream Broad Spectrum SPF 18,60,4.3,"Water, Glycerin, Dipropylene Glycol, Butylene Glycol, Phenyl Trimethicone, Hydrogenated Polydecene, Sorbitol, Myristyl Myristate, Dimethicone, Sd Alcohol 40-B, Polybutylene Glycol/Ppg-9/1 Copolymer, Petrolatum, Stearyl Alcohol, Stearic Acid, Silica, Bentonite, Palmitic Acid, Xanthan Gum, Peg/Ppg-17/4 Dimethyl Ether, Phytosteryl Macadamiate, Tocopheryl Acetate, Sapindus Mukurossi Peel Extract, Uncaria Gambir Extract, Sodium Acetylated Hyaluronate, Hydroxyproline, Thymus Serpillum Extract, Chlorella Vulgaris Extract, Peg-5 Glyceryl Stearate, Glyceryl Stearate Se, Trisodium Edta, Potassium Hydroxide, Sodium Metaphosphate, Ammonium Acryloyldimethyltaurate/Vp Copolymer, Alcohol, Sodium Metabisulfite, Bht, Tocopherol, Phenoxyethanol, Fragrance, Iron Oxides.",0,1,1,0,0,benefiance_wrinkleresist24_day_cream_broad_spectrum_spf_18,shiseido,moisturizer,shiseido_benefiance_wrinkleresist24_day_cream_broad_spectrum_spf_18,0.0,135.0,9169.0,4.363,1.8,Moisturizers,33.33,3.23,1.47,"Glycerin;Dipropylene Glycol;Butylene Glycol;Phenyl Trimethicone;Hydrogenated Polydecene;Sorbitol;Myristyl Myristate;Dimethicone;Sd Alcohol 40-B;Polybutylene Glycol/Ppg-9/1 Copolymer;Petrolatum;Stearyl Alcohol;Stearic Acid;Silica;Bentonite;Palmitic Acid;Xanthan Gum;Peg/Ppg-17/4 Dimethyl Ether;Phytosteryl Macadamiate;Tocopheryl Acetate;Sapindus Mukurossi Peel Extract;Uncaria Gambir Extract;Sodium Acetylated Hyaluronate;Hydroxyproline;Thymus Serpillum Extract;Chlorella Vulgaris Extract;Peg-5 Glyceryl Stearate;Glyceryl Stearate Se;Trisodium Edta;Potassium Hydroxide;Sodium Metaphosphate;Ammonium Acryloyldimethyltaurate/Vp Copolymer;Alcohol;Sodium Metabisulfite;Bht;Tocopherol;Phenoxyethanol;Fragrance;Iron Oxides,",0.0,135.0,9169.0,4.363,1.8,Moisturizers,33.33,3.23,1.47,moisturizer,Medium (7k - 13k)
Moisturizer,FRESH,Rose Floral Toner,40,4.1,"Water, Glycerin, Pentylene Glycol, Rosa Dama-scena Flower Water, Anthemis NobilisFlower Oil, Sodium Citrate, CitricAcid, Citronellol, Geraniol, Pheno-xyethanol.",0,0,0,0,0,rose_floral_toner,fresh,moisturizer,fresh_rose_floral_toner,0.0,811.0,61025.0,4.1196,8.5,Moisturizers,4.71,0.51,1.33,"Glycerin;Pentylene Glycol;Rosa Dama-scena Flower Water;Anthemis NobilisFlower Oil;Sodium Citrate;CitricAcid;Citronellol;Geraniol;Pheno-xyethanol,",0.0,811.0,61025.0,4.1196,8.5,Moisturizers,4.71,0.51,1.33,moisturizer,Very High (26k - 193k)
Moisturizer,ORIGINS,High-Potency Night-a-Mins™ Oil-Free Resurfacing Cream with Fruit-Derived AHAs,45,4.3,* Essential Oil,0,0,1,1,0,high_potency_night_a_mins_oil_free_resurfacing_cream_with_fruit_derived_ahas,origins,moisturizer,origins_high_potency_night_a_mins_oil_free_resurfacing_cream_with_fruit_derived_ahas,,,,,,,,,,* Essential Oil,1.0,1000.0,6010.0,4.322,1.7,,26.47,0.43,16.64,moisturizer,nan
Moisturizer,TARTE,Amazonian Clay BB Tinted Moisturizer Broad Spectrum SPF 20 Sunscreen,36,4.3,"-Amazonian clay: Provides total balancing for better, longer, truer wear. -Vitamin E: Acts as an anti-inflammatory emollient and protects against free radical damage. -Vitamin A: Powerful antioxidant that minimizes the signs of aging while it supports collagen production and moisture retention in the skin. -Chamomile Extract: Rich in essential oils, this natural plant extract is anti-allergenic and anti-inflammatory, and it has been known to treat and heal dry or damaged skin.",0,0,0,0,0,amazonian_clay_bb_tinted_moisturizer_broad_spectrum_spf_20_sunscreen,tarte,moisturizer,tarte_amazonian_clay_bb_tinted_moisturizer_broad_spectrum_spf_20_sunscreen,0.0,2000.0,63423.0,4.2498,1.7,Moisturizers,21.18,0.21,3.15,"-Amazonian clay: Provides total balancing for better;longer;truer wear, -Vitamin E: Acts as an anti-inflammatory emollient and protects against free radical damage, -Vitamin A: Powerful antioxidant that minimizes the signs of aging while it supports collagen production and moisture retention in the skin, -Chamomile Extract: Rich in essential oils;this natural plant extract is anti-allergenic and anti-inflammatory;and it has been known to treat and heal dry or damaged skin,",0.0,2000.0,63423.0,4.2498,1.7,Moisturizers,21.18,0.21,3.15,moisturizer,Very High (26k - 193k)
Moisturizer,CLINIQUE,Moisture Surge Intense Skin Fortifying Hydrator,39,4.4,"Water , Cyclopentasiloxane , Glycerin , Butylene Glycol , Dimethicone , Cetyl Ethylhexanoate , Squalane , Disteardimonium Hectorite , Peg/Ppg-18/18 Dimethicone , Lauryl Peg-9 Polydimethylsiloxyethyl Dimethicone , Ahnfeltia Concinna Extract , Olea Europaea (Olive) Fruit Extract , Caffeine , Whey Protein/Lactis Protein/Proteine Du Petit-Lait , Cholesterol , Sodium Hyaluronate , Petrolatum , Peg-150 , Sucrose , Pyridoxine Dipalmitate , Linoleic Acid , Tocopheryl Acetate , Citric Acid , Polysilicone-11 , Propylene Carbonate , Glyceryl Polymethacrylate , Peg-8 , Aloe Barbadensis Leaf Extract , Triticum Vulgare (Wheat) Bran Extract , Pentaerythrityl Tetra-Di-T-Butyl Hydroxyhydrocinnamate , Palmitoyl Hexapeptide-12 , Sodium Citrate , Sodium Hexametaphosphate , Chlorphenesin , Phenoxyethanol",1,1,0,0,0,moisture_surge_intense_skin_fortifying_hydrator,clinique,moisturizer,clinique_moisture_surge_intense_skin_fortifying_hydrator,0.0,895.0,23966.0,4.3866,1.7,Moisturizers,22.94,0.49,3.73,Cyclopentasiloxane;Glycerin;Butylene Glycol;Dimethicone;Cetyl Ethylhexanoate;Squalane;Disteardimonium Hectorite;Peg/Ppg-18/18 Dimethicone;Lauryl Peg-9 Polydimethylsiloxyethyl Dimethicone;Ahnfeltia Concinna Extract;Olea Europaea (Olive) Fruit Extract;Caffeine;Whey Protein/Lactis Protein/Proteine Du Petit-Lait;Cholesterol;Sodium Hyaluronate;Petrolatum;Peg-150;Sucrose;Pyridoxine Dipalmitate;Linoleic Acid;Tocopheryl Acetate;Citric Acid;Polysilicone-11;Propylene Carbonate;Glyceryl Polymethacrylate;Peg-8;Aloe Barbadensis Leaf Extract;Triticum Vulgare (Wheat) Bran Extract;Pentaerythrityl Tetra-Di-T-Butyl Hydroxyhydrocinnamate;Palmitoyl Hexapeptide-12;Sodium Citrate;Sodium Hexametaphosphate;Chlorphenesin;Phenoxyethanol,0.0,895.0,23966.0,4.3866,1.7,Moisturizers,22.94,0.49,3.73,moisturizer,High (13k - 26k)
Moisturizer,JOSIE MARAN,Argan Daily Moisturizer SPF 47,32,3.9,**Natural.,1,1,1,1,1,argan_daily_moisturizer_spf_47,josie_maran,moisturizer,josie_maran_argan_daily_moisturizer_spf_47,1.0,1000.0,33639.0,3.877,2.0,Moisturizers,17.0,0.39,2.97,"**Natural,",1.0,1000.0,33639.0,3.877,2.0,Moisturizers,17.0,0.39,2.97,moisturizer,Very High (26k - 193k)
Moisturizer,LANEIGE,Water Bank Essence,36,4.7,"Water, Glycerin, Butylene Glycol, Glycereth-26, Cyclopentasiloxane, Hydrogenated Poly(C6-14 Olefin), Dimethicone, Limnanthes Alba (Meadowfoam) Seed Oil, Trisiloxane, Cyclohexasiloxane, Chenopodium Quinoa Seed Extract, Magnesium Sulfate, Zinc Sulfate, Manganese Sulfate, Calcium Chloride, Ascorbyl Glucoside, Salix Alba (Willow) Bark Extract, Tillandsia Usneoides Extract, Ceratonia Siliqua (Carob) Fruit Extract, Dimethiconol, Betaine, Ammonium Acryloyldimethyltaurate, VP Copolymer, Ethylhexylglycerin, Isopropyl Palmitate, Chondrus Crispus (Carrageenan), Phenyl Trimethicone, Propylene Glycol, PCA Dimethicone, Hydrogenated Lecithin, Hydroxyethyl Acrylate, Sodium Acryloyldimethyl Taurate Copolymer, Disodium EDTA, Phenoxyethanol, Fragrance.",1,1,1,1,1,water_bank_essence,laneige,moisturizer,laneige_water_bank_essence,0.0,188.0,20043.0,4.7074,2.0,Moisturizers,18.0,2.5,0.94,"Glycerin;Butylene Glycol;Glycereth-26;Cyclopentasiloxane;Hydrogenated Poly(C6-14 Olefin);Dimethicone;Limnanthes Alba (Meadowfoam) Seed Oil;Trisiloxane;Cyclohexasiloxane;Chenopodium Quinoa Seed Extract;Magnesium Sulfate;Zinc Sulfate;Manganese Sulfate;Calcium Chloride;Ascorbyl Glucoside;Salix Alba (Willow) Bark Extract;Tillandsia Usneoides Extract;Ceratonia Siliqua (Carob) Fruit Extract;Dimethiconol;Betaine;Ammonium Acryloyldimethyltaurate;VP Copolymer;Ethylhexylglycerin;Isopropyl Palmitate;Chondrus Crispus (Carrageenan);Phenyl Trimethicone;Propylene Glycol;PCA Dimethicone;Hydrogenated Lecithin;Hydroxyethyl Acrylate;Sodium Acryloyldimethyl Taurate Copolymer;Disodium EDTA;Phenoxyethanol;Fragrance,",0.0,188.0,20043.0,4.7074,2.0,Moisturizers,18.0,2.5,0.94,moisturizer,High (13k - 26k)
Moisturizer,JACK BLACK,Double-Duty Face Moisturizer Broad Spectrum SPF 20,28,4.5,Visit the Jack Black boutique,0,0,0,0,0,double_duty_face_moisturizer_broad_spectrum_spf_20,jack_black,moisturizer,jack_black_double_duty_face_moisturizer_broad_spectrum_spf_20,0.0,351.0,13349.0,4.4672,3.3,Moisturizers,8.48,1.27,2.63,Visit the Jack Black boutique,0.0,351.0,13349.0,4.4672,3.3,Moisturizers,8.48,1.27,2.63,moisturizer,High (13k - 26k)
Moisturizer,GLOW RECIPE,Watermelon Pink Juice Moisturizer,39,4.1,"Citrullus Lanatus (Watermelon) Fruit Extract, Citrullus Lanatus (Watermelon) Fruit, Hydrolyzed Wheat Protein, Hydrolyzed Soy Protein, Hydrolyzed Corn Protein, Glutamic Acid (Derived from Fermented Grains), Glycerin, Cetearyl Olivate (Derived from Olive), Sorbitan Olivate (Derived from Olive), Sodium Hyaluronate, Cetyl Alcohol, Cyamopsis Tetragonoloba (Guar) Gum, Xanthan Gum, Apricot Kernel Amino Acid, Alkanna Tinctoria Root Extract, Scutellaria Baicalensis Root Extract, Paeonia Suffruticosa (Peony) Root Extract, Glycyrrhiza Glabra (Licorice) Root Extract, Beta-Glucan, Jasminum Grandiflorum (Jasmine) Flower Wax, Acrylates/C10-30 Alkyl Acrylate Crosspolymer, Brassica Oleracea Capitata (Cabbage) Leaf Extract, Ipomoea Batatas (Sweet Potato) Root Extract, Fragrance.",1,0,1,1,1,watermelon_pink_juice_moisturizer,glow_recipe,moisturizer,glow_recipe_watermelon_pink_juice_moisturizer,1.0,726.0,62865.0,4.0124,2.0,Moisturizers,19.5,0.55,1.15,"Citrullus Lanatus (Watermelon) Fruit Extract;Citrullus Lanatus (Watermelon) Fruit;Hydrolyzed Wheat Protein;Hydrolyzed Soy Protein;Hydrolyzed Corn Protein;Glutamic Acid (Derived from Fermented Grains);Glycerin;Cetearyl Olivate (Derived from Olive);Sorbitan Olivate (Derived from Olive);Sodium Hyaluronate;Cetyl Alcohol;Cyamopsis Tetragonoloba (Guar) Gum;Xanthan Gum;Apricot Kernel Amino Acid;Alkanna Tinctoria Root Extract;Scutellaria Baicalensis Root Extract;Paeonia Suffruticosa (Peony) Root Extract;Glycyrrhiza Glabra (Licorice) Root Extract;Beta-Glucan;Jasminum Grandiflorum (Jasmine) Flower Wax;Acrylates/C10-30 Alkyl Acrylate Crosspolymer;Brassica Oleracea Capitata (Cabbage) Leaf Extract;Ipomoea Batatas (Sweet Potato) Root Extract;Fragrance,",1.0,726.0,62865.0,4.0124,2.0,Moisturizers,19.5,0.55,1.15,moisturizer,Very High (26k - 193k)
Moisturizer,LA MER,The Concentrate Mini,190,0.0,"Cyclopentasiloxane, Algae (Seaweed) Extract, Glycerin, Dimethicone, Polysilicone-11, Isononyl Isononanoate, Dimethicone/Peg-10/15 Crosspolymer, Sesamum Indicum (Sesame) Seed Oil, Medicago Sativa (Alfalfa) Seed Powder, Helianthus Annuus (Sunflower) Seedcake, Prunus Amygdalus Dulcis (Sweet Almond) Seed Meal, Eucalyptus Globulus (Eucalyptus) Leaf Oil, Sodium Gluconate, Copper Gluconate, Calcium Gluconate, Magnesium Gluconate, Zinc Gluconate, Tocopheryl Succinate, Niacin, Sesamum Indicum (Sesame) Seed Powder, Water, Dimethicone Crosspolymer, Helichrysum Arenarium (Everlasting) Extract, Laminaria Ochroleuca Extract, Triticum Vulgare (Wheat) Flour Lipids, Citrus Aurantifolia (Lime) Peel Extract, Crithmum Maritimum Extract, Alteromonas Ferment Extract, Chlorella Vulgaris Extract, Yeast Extract/Faex/Extrait De Levure, Cholesterol, Linoleic Acid, Tetraacetylphytosphingosine, Caprylic/Capric Triglyceride, Rosmarinus Officinalis (Rosemary) Leaf Oil, Ocimum Basilicum (Basil) Oil, Lavandula Angustifolia (Lavender) Oil, Lavandula Hybrida (Lavandin) Oil, Dipropylene Glycol, Sodium Citrate, Limonene, Linalool, Phenoxyethanol",0,0,0,0,0,the_concentrate_mini,la_mer,moisturizer,la_mer_the_concentrate_mini,,,,,,,,,,Cyclopentasiloxane;Algae (Seaweed) Extract;Glycerin;Dimethicone;Polysilicone-11;Isononyl Isononanoate;Dimethicone/Peg-10/15 Crosspolymer;Sesamum Indicum (Sesame) Seed Oil;Medicago Sativa (Alfalfa) Seed Powder;Helianthus Annuus (Sunflower) Seedcake;Prunus Amygdalus Dulcis (Sweet Almond) Seed Meal;Eucalyptus Globulus (Eucalyptus) Leaf Oil;Sodium Gluconate;Copper Gluconate;Calcium Gluconate;Magnesium Gluconate;Zinc Gluconate;Tocopheryl Succinate;Niacin;Sesamum Indicum (Sesame) Seed Powder;Dimethicone Crosspolymer;Helichrysum Arenarium (Everlasting) Extract;Laminaria Ochroleuca Extract;Triticum Vulgare (Wheat) Flour Lipids;Citrus Aurantifolia (Lime) Peel Extract;Crithmum Maritimum Extract;Alteromonas Ferment Extract;Chlorella Vulgaris Extract;Yeast Extract/Faex/Extrait De Levure;Cholesterol;Linoleic Acid;Tetraacetylphytosphingosine;Caprylic/Capric Triglyceride;Rosmarinus Officinalis (Rosemary) Leaf Oil;Ocimum Basilicum (Basil) Oil;Lavandula Angustifolia (Lavender) Oil;Lavandula Hybrida (Lavandin) Oil;Dipropylene Glycol;Sodium Citrate;Limonene;Linalool;Phenoxyethanol,,,,,,,,,,moisturizer,nan
Moisturizer,LA MER,The Moisturizing Cool Gel Cream,175,3.3,Visit the La Mer boutique,1,1,1,1,1,the_moisturizing_cool_gel_cream,la_mer,moisturizer,la_mer_the_moisturizing_cool_gel_cream,0.0,59.0,4842.0,3.2881,1.0,Moisturizers,175.0,5.57,1.22,Visit the La Mer boutique,0.0,59.0,4842.0,3.2881,1.0,Moisturizers,175.0,5.57,1.22,moisturizer,Low (3k - 7k)
Moisturizer,PHILOSOPHY,Renewed Hope in A Jar Refreshing & Refining Moisturizer,39,4.1,"Water, Cyclopentasiloxane, Stearic Acid, Glycerin, Butylene Glycol, C12-15 Alkyl Benzoate, Glycolic Acid, Dimethicone, Polyacrylamide, Cetearyl Alcohol, Phenoxyethanol, Sodium Hydroxide, C13-14 Isoparaffin, Dimethicone Crosspolymer, Ceteareth-20, Ammonium Acryloyldimethyltaurate/Vp Copolymer, Polysilicone-11, Acrylates/C10-30 Alkyl Acrylate Crosspolymer, Laureth-7, Citric Acid, Chlorphenesin, Mandelic Acid, Tocopheryl Acetate, Synthetic Fluorphlogopite, Ethlhexyl Palmitate, Propanediol, Parfum/Fragrance, Disodium Edta, Adenosine, Evodia Rutaecarpa Fruit Extract, Limonene, Faex/Yeast Extract/Extrait De Levure, Magnesium Stearate, Opuntia Coccinellifera Flower Extract, Silica Dimethyl Silylate, Caprylyl Glycol, Bht, Ethylhexylglycerin, Hyaluronic Acid, Silanetriol, Sodium Hyaluronate, Sorbic Acid, Hexylene Glycol, Bismuth Oxychloride (Ci 77163).",1,1,1,1,1,renewed_hope_in_a_jar_refreshing_refining_moisturizer,philosophy,moisturizer,philosophy_renewed_hope_in_a_jar_refreshing_refining_moisturizer,0.0,541.0,32042.0,4.1608,2.0,Moisturizers,19.5,0.77,1.69,"Cyclopentasiloxane;Stearic Acid;Glycerin;Butylene Glycol;C12-15 Alkyl Benzoate;Glycolic Acid;Dimethicone;Polyacrylamide;Cetearyl Alcohol;Phenoxyethanol;Sodium Hydroxide;C13-14 Isoparaffin;Dimethicone Crosspolymer;Ceteareth-20;Ammonium Acryloyldimethyltaurate/Vp Copolymer;Polysilicone-11;Acrylates/C10-30 Alkyl Acrylate Crosspolymer;Laureth-7;Citric Acid;Chlorphenesin;Mandelic Acid;Tocopheryl Acetate;Synthetic Fluorphlogopite;Ethlhexyl Palmitate;Propanediol;Parfum/Fragrance;Disodium Edta;Adenosine;Evodia Rutaecarpa Fruit Extract;Limonene;Faex/Yeast Extract/Extrait De Levure;Magnesium Stearate;Opuntia Coccinellifera Flower Extract;Silica Dimethyl Silylate;Caprylyl Glycol;Bht;Ethylhexylglycerin;Hyaluronic Acid;Silanetriol;Sodium Hyaluronate;Sorbic Acid;Hexylene Glycol;Bismuth Oxychloride (Ci 77163),",0.0,541.0,32042.0,4.1608,2.0,Moisturizers,19.5,0.77,1.69,moisturizer,Very High (26k - 193k)
Moisturizer,PERRICONE MD,Cold Plasma Sub-D Firming Neck Treatment,135,3.8,"Water, Glycolic Acid, L-Tyrosine, Dimethyl MEA (DMAE), Isopropyl Palmitate, Acetyl Carnitine HCl, Arginine, Cetearyl Alcohol, Glyceryl Stearate, PEG-100 Stearate, Phosphatidylcholine, Thioctic Acid (Alpha-Lipoic Acid), Rosa Moschata (Rosehip) Seed Oil, Vaccinium Macrocarpon (Cranberry) Seed Oil, Ceteareth-20, Caffeine, Dimethicone, BHT, Saccaromyces Ferment, Magnesium Aspartate, Zinc Gluconate, Phenoxyethanol, Rhodiola Rosea Root Extract, Caprylyl Glycol, Phytic Acid, Carnosine, Disodium EDTA, Elaeis Guineensis (Palm) Oil, Astaxanthin, Copper Gluconate, Tocotrienols, Sorbic Acid, Parfum (Fragrance), Limonene, Tocopherol, Sodium Hyaluronate, Linalool, Alanyl Glutamine.",1,1,1,1,1,cold_plasma_sub_d_firming_neck_treatment,perricone_md,moisturizer,perricone_md_cold_plasma_sub_d_firming_neck_treatment,0.0,252.0,8618.0,3.7778,2.0,Moisturizers,67.5,1.5,2.92,"Glycolic Acid;L-Tyrosine;Dimethyl MEA (DMAE);Isopropyl Palmitate;Acetyl Carnitine HCl;Arginine;Cetearyl Alcohol;Glyceryl Stearate;PEG-100 Stearate;Phosphatidylcholine;Thioctic Acid (Alpha-Lipoic Acid);Rosa Moschata (Rosehip) Seed Oil;Vaccinium Macrocarpon (Cranberry) Seed Oil;Ceteareth-20;Caffeine;Dimethicone;BHT;Saccaromyces Ferment;Magnesium Aspartate;Zinc Gluconate;Phenoxyethanol;Rhodiola Rosea Root Extract;Caprylyl Glycol;Phytic Acid;Carnosine;Disodium EDTA;Elaeis Guineensis (Palm) Oil;Astaxanthin;Copper Gluconate;Tocotrienols;Sorbic Acid;Parfum (Fragrance);Limonene;Tocopherol;Sodium Hyaluronate;Linalool;Alanyl Glutamine,",0.0,252.0,8618.0,3.7778,2.0,Moisturizers,67.5,1.5,2.92,moisturizer,Medium (7k - 13k)
Moisturizer,LANCÔME,Rénergie Lift Multi-Action Night,122,4.3,"Water, Glycerin, Prunus Armeniaca Kernel Oil, Apricot Kernel Oil, Caprylic/Capric Triglyceride, Pentaerythrityl Tetraethylhexanoate, Cetyl Alcohol, Zea Mays Starch, Corn Starch, Butyrospermum Parkii Butter, Shea Butter, Alcohol Denat., Petrolatum, Pentylene Glycol, Glyceryl Stearate, Dimethicone, Peg-40 Stearate, Cera Alba, Beeswax, Cire Dabeille, Hydroxyethylpiperazine Ethane Sulfonic Acid, Ci 14700, Red 4, Ci 19140, Yellow 5, Saccharomyces/Xylinum/ Black Tea Ferment, Hydrolyzed Linseed Extract, Hydrolyzed Soy Protein, Hydrolyzed Hyaluronic Acid, Sodium Hydroxide, Sodium Benzoate, Phenoxyethanol, Adenosine, Stearyl Alcohol, Acetyl Tetrapeptide-9, Poloxamer 338, Dimethiconol, Limonene, Xanthan Gum, Pentaerythrityl Tetra-Di-T-Butyl Hydroxyhydrocinnamate, Benzyl Alcohol, Caprylyl Glycol, Alpha-Isomethyl Ionone, Sorbitan Tristearate, Myristyl Alcohol, Geraniol, Hexyl Cinnamal, Fragrance.",1,1,1,1,1,rénergie_lift_multi_action_night,lancôme,moisturizer,lancôme_rénergie_lift_multi_action_night,,,,,,,,,,"Glycerin;Prunus Armeniaca Kernel Oil;Apricot Kernel Oil;Caprylic/Capric Triglyceride;Pentaerythrityl Tetraethylhexanoate;Cetyl Alcohol;Zea Mays Starch;Corn Starch;Butyrospermum Parkii Butter;Shea Butter;Alcohol Denat,;Petrolatum;Pentylene Glycol;Glyceryl Stearate;Dimethicone;Peg-40 Stearate;Cera Alba;Beeswax;Cire Dabeille;Hydroxyethylpiperazine Ethane Sulfonic Acid;Ci 14700;Red 4;Ci 19140;Yellow 5;Saccharomyces/Xylinum/ Black Tea Ferment;Hydrolyzed Linseed Extract;Hydrolyzed Soy Protein;Hydrolyzed Hyaluronic Acid;Sodium Hydroxide;Sodium Benzoate;Phenoxyethanol;Adenosine;Stearyl Alcohol;Acetyl Tetrapeptide-9;Poloxamer 338;Dimethiconol;Limonene;Xanthan Gum;Pentaerythrityl Tetra-Di-T-Butyl Hydroxyhydrocinnamate;Benzyl Alcohol;Caprylyl Glycol;Alpha-Isomethyl Ionone;Sorbitan Tristearate;Myristyl Alcohol;Geraniol;Hexyl Cinnamal;Fragrance,",0.0,81.0,4828.0,3.7901,0.5,,150.0,4.68,1.68,moisturizer,nan
Moisturizer,ALGENIST,GENIUS Ultimate Anti-Aging Cream,112,4.3,"Water, Caprylic/Capric Triglyceride, Hydrogentated Polyisobutene, Glycerin, Chlorella Protothecoides Oil, Dimethicone, Butylene Glycol, Glyceryl Stearate, PEG-100 Stearate, Butyrospermum Parkii (Shea) Butter, Pentylene Glycol, Potassium Cetyl Phosphate, Algae Exopolysaccharides, Vegetable Collagen, Ceramide 3, Cynara Scrolymus (Artichoke) Leaf Extract, Retinyl Palmitate, Astragalus Membranaceous Root Extract, Atractyloides Macrocephala Root Extract, Iris Florentina Root Extract, Bupleurum Falcatum Root Extract, Methyl Glucoside Phosphate Proline Lysine Copper Complex, Stearalkonium Bentonite, Acrylates/C10-30 Alkyl Acrylate Crosspolymer, Silica, Caprylyl Glycol, Sodium Hydroxide, Disodium EDTA, Ethylhexylglycerin, Cetyl Alcohol, Propylene Carbonate, Phenoxyethanol, Leuconostoc/Radish Root Ferment Filtrate, Chlorphenesin, Fragrance, Coumarin.",1,1,1,1,1,genius_ultimate_anti_aging_cream,algenist,moisturizer,algenist_genius_ultimate_anti_aging_cream,0.0,441.0,13854.0,4.2834,2.0,Moisturizers,56.0,0.97,3.18,"Caprylic/Capric Triglyceride;Hydrogentated Polyisobutene;Glycerin;Chlorella Protothecoides Oil;Dimethicone;Butylene Glycol;Glyceryl Stearate;PEG-100 Stearate;Butyrospermum Parkii (Shea) Butter;Pentylene Glycol;Potassium Cetyl Phosphate;Algae Exopolysaccharides;Vegetable Collagen;Ceramide 3;Cynara Scrolymus (Artichoke) Leaf Extract;Retinyl Palmitate;Astragalus Membranaceous Root Extract;Atractyloides Macrocephala Root Extract;Iris Florentina Root Extract;Bupleurum Falcatum Root Extract;Methyl Glucoside Phosphate Proline Lysine Copper Complex;Stearalkonium Bentonite;Acrylates/C10-30 Alkyl Acrylate Crosspolymer;Silica;Caprylyl Glycol;Sodium Hydroxide;Disodium EDTA;Ethylhexylglycerin;Cetyl Alcohol;Propylene Carbonate;Phenoxyethanol;Leuconostoc/Radish Root Ferment Filtrate;Chlorphenesin;Fragrance;Coumarin,",0.0,441.0,13854.0,4.2834,2.0,Moisturizers,56.0,0.97,3.18,moisturizer,High (13k - 26k)
Moisturizer,IT COSMETICS,Your Skin But Better™ CC+ Airbrush Perfecting Powder™ with SPF 50+,35,3.6,"Mica, Lauroyl Lysine, Zinc Stearate, Ethylhexyl Palmitate, Aqua/Water/Eau, Silica, Hydrolyzed Collagen, Hyaluronic Acid, Niacinamide, Palmitoyl Tripeptide-1, Palmitoyl Tetrapeptide-7, Serica/Silk Powder/Poudre De Soie, Tocopherol, Glycine Soja (Soybean) Oil, Retinyl Palmitate, Silica Dimethyl Silylate, Ascorbyl Palmitate, Aloe Barbadensis Leaf Extract, Camellia Oleifera Leaf Extract, Camellia Sinensis Leaf Extract, Carica Papaya Fruit Extract, Chamo Milla Recutita Flower Extract, Olea Europaea Fruit Extract, Punica Granatum Extract, Rosa Canina Fruit Extract, Vitis Vinifera Seed Extract, Cholesteryl Chloride, Cholesteryl Nonanoate, Cholesteryl Oleyl Carbonate, Glycerin, Butylene Glycol, Carbomer, Polysorbate 20, Phenoxyethanol, BHT, [+/-: Iron Oxides (Ci 77499, Ci 77491, Ci 77492)].",0,0,0,0,0,your_skin_but_better_cc_airbrush_perfecting_powder_with_spf_50,it_cosmetics,moisturizer,it_cosmetics_your_skin_but_better_cc_airbrush_perfecting_powder_with_spf_50,,,,,,,,,,"Mica;Lauroyl Lysine;Zinc Stearate;Ethylhexyl Palmitate;Aqua/Water/Eau;Silica;Hydrolyzed Collagen;Hyaluronic Acid;Niacinamide;Palmitoyl Tripeptide-1;Palmitoyl Tetrapeptide-7;Serica/Silk Powder/Poudre De Soie;Tocopherol;Glycine Soja (Soybean) Oil;Retinyl Palmitate;Silica Dimethyl Silylate;Ascorbyl Palmitate;Aloe Barbadensis Leaf Extract;Camellia Oleifera Leaf Extract;Camellia Sinensis Leaf Extract;Carica Papaya Fruit Extract;Chamo Milla Recutita Flower Extract;Olea Europaea Fruit Extract;Punica Granatum Extract;Rosa Canina Fruit Extract;Vitis Vinifera Seed Extract;Cholesteryl Chloride;Cholesteryl Nonanoate;Cholesteryl Oleyl Carbonate;Glycerin;Butylene Glycol;Carbomer;Polysorbate 20;Phenoxyethanol;BHT;[+/-: Iron Oxides (Ci 77499;Ci 77491;Ci 77492)],",0.0,215.0,24423.0,3.6186,0.33,,106.06,1.68,0.88,moisturizer,nan
Moisturizer,DR. JART+,Cicapair™ Tiger Grass Cream,48,4.3,"Water, Propanediol, Centellaasiaticaleafwater, Butylene Glycol, Caprylic/Ca- Prictriglyceride, Panthenol, Diisostearylmalate, Polyglyceryl-3 Methylglucose Dis- Tearate, Butyrospermum Parkii (Shea) Bu-Tter, Glycerylstearate, Niacinamide, Mac- Adamiaternifolia Seed Oil, Cetearyl Alco-Hol, Hydrogenatedpoly(C6-14 Olefin), Hy- Drogenated Polydecene, Hydrogenatedpolyisobutene, 1, 2-Hexanediol, PEG-8, PEG-100 Stearate, Polyacrylate-13, Palm-Iticacid, Tocopherylacetate, Beeswax/Cire D'abeille, Glycerin, Stearicacid, Phe-Noxyethanol, Polyisobutene, Asiaticoside, Carbomer, Tromethamine, Madecassic A-Cid, Asiaticacid, Spirulina Platensispow- Der, Alcohol, Polysorbate20, Ethylhexylgl-Ycerin, Lavandulaangustifolia (Lavender) Oil, Sorbitan Isostearate, Adenosine, Cer-Amidenp, Citrusgrandis (Grapefruit) Peel Oil, Hydrogenatedlecithin, Disodium EDTA, Rosmarinus Officinalis (Rosemary) Leafoil, Anthemisnobilis Flower Oil, Sodiumhya-Luronate, Centellaasiatica Extract, Theob-Roma Cacao (Cocoa) Extract, Dextrin, Ho- Uttuyniacordataextract, Anibarosodora (Rosewood)Wood Oil, Centella Asiaticameristem Cell Culture, Madecassoside, Citric Acid, Achillea Millefolium Extract, Ar-Temisia Absinthium Extract, Arnicamonta-Na Flower Extract, Gentiana Lutearoot Extract, Sucrose Laurate, Sodium Glycero-Phosphate, Selaginella Lepidophylla Extr- Act, Potassiummagnesiumaspartate, Ly-Solecithin, Magnesiumgluconate, Calciumgluconate, Potassium Sorbate, Sodiumascorbylphosphate, Sodiumbenzoate, Xanthan Gum.",1,1,1,1,1,cicapair_tiger_grass_cream,dr._jart,moisturizer,dr._jart_cicapair_tiger_grass_cream,,,,,,,,,,"Propanediol;Centellaasiaticaleafwater;Butylene Glycol;Caprylic/Ca- Prictriglyceride;Panthenol;Diisostearylmalate;Polyglyceryl-3 Methylglucose Dis- Tearate;Butyrospermum Parkii (Shea) Bu-Tter;Glycerylstearate;Niacinamide;Mac- Adamiaternifolia Seed Oil;Cetearyl Alco-Hol;Hydrogenatedpoly(C6-14 Olefin);Hy- Drogenated Polydecene;Hydrogenatedpolyisobutene;1;2-Hexanediol;PEG-8;PEG-100 Stearate;Polyacrylate-13;Palm-Iticacid;Tocopherylacetate;Beeswax/Cire D'abeille;Glycerin;Stearicacid;Phe-Noxyethanol;Polyisobutene;Asiaticoside;Carbomer;Tromethamine;Madecassic A-Cid;Asiaticacid;Spirulina Platensispow- Der;Alcohol;Polysorbate20;Ethylhexylgl-Ycerin;Lavandulaangustifolia (Lavender) Oil;Sorbitan Isostearate;Adenosine;Cer-Amidenp;Citrusgrandis (Grapefruit) Peel Oil;Hydrogenatedlecithin;Disodium EDTA;Rosmarinus Officinalis (Rosemary) Leafoil;Anthemisnobilis Flower Oil;Sodiumhya-Luronate;Centellaasiatica Extract;Theob-Roma Cacao (Cocoa) Extract;Dextrin;Ho- Uttuyniacordataextract;Anibarosodora (Rosewood)Wood Oil;Centella Asiaticameristem Cell Culture;Madecassoside;Citric Acid;Achillea Millefolium Extract;Ar-Temisia Absinthium Extract;Arnicamonta-Na Flower Extract;Gentiana Lutearoot Extract;Sucrose Laurate;Sodium Glycero-Phosphate;Selaginella Lepidophylla Extr- Act;Potassiummagnesiumaspartate;Ly-Solecithin;Magnesiumgluconate;Calciumgluconate;Potassium Sorbate;Sodiumascorbylphosphate;Sodiumbenzoate;Xanthan Gum,",0.0,230.0,17554.0,4.0217,1.0,,46.0,1.75,1.31,moisturizer,nan
Moisturizer,CLINIQUE,Dramatically Different Hydrating Jelly,28,4.0,"Water, Bis-Peg-18 Methyl Ether Dimethyl Silane, Butylene Glycol, Glycerin, Cucumis Sativus (Cucumber) Fruit Extract, Hypnea Musciformis (Algae) Extract, Gelidiella Acerosa Extract, Hordeum Vulgare (Barley) Extract/Extrait D'orge, Padina Pavonica Thallus Extract, Helianthus Annuus (Sunflower) Seedcake, Sucrose, Caffeine, Sodium Hyaluronate, Hydroxyethyl Urea, Hydrolyzed Rice Extract, Sorbitol, Sodium Polyaspartate, Ppg-6-Decyltetradeceth-30, Ethylhexylglycerin, Propylene Glycol Dicaprate, Caprylyl Glycol, Trehalose, Polysorbate 80, Carbomer, Sodium Hydroxide, Hexylene Glycol, Citric Acid, Sodium Citrate, Disodium Edta, Phenoxyethanol.",1,0,1,1,1,dramatically_different_hydrating_jelly,clinique,moisturizer,clinique_dramatically_different_hydrating_jelly,0.0,530.0,20703.0,3.9094,4.2,Moisturizers,6.67,0.74,2.56,"Bis-Peg-18 Methyl Ether Dimethyl Silane;Butylene Glycol;Glycerin;Cucumis Sativus (Cucumber) Fruit Extract;Hypnea Musciformis (Algae) Extract;Gelidiella Acerosa Extract;Hordeum Vulgare (Barley) Extract/Extrait D'orge;Padina Pavonica Thallus Extract;Helianthus Annuus (Sunflower) Seedcake;Sucrose;Caffeine;Sodium Hyaluronate;Hydroxyethyl Urea;Hydrolyzed Rice Extract;Sorbitol;Sodium Polyaspartate;Ppg-6-Decyltetradeceth-30;Ethylhexylglycerin;Propylene Glycol Dicaprate;Caprylyl Glycol;Trehalose;Polysorbate 80;Carbomer;Sodium Hydroxide;Hexylene Glycol;Citric Acid;Sodium Citrate;Disodium Edta;Phenoxyethanol,",0.0,530.0,20703.0,3.9094,4.2,Moisturizers,6.67,0.74,2.56,moisturizer,High (13k - 26k)
Moisturizer,JOSIE MARAN,Whipped Argan Oil Face Butter,40,4.1,"Water**, Aloe Barbadensis (Aloe Vera) Leaf Juice*, Argania Spinosa (Argan) Kernel Oil*, Glyceryl Stearate**, Glycerin**, Cetyl Alcohol**, Ethylhexyl Palmitate**, Dicapryl Carbonate**, Butyrospermum Parkii (Shea Butter)**, Hydroxyethyl Acrylate/Sodium Acryloyl Dimethyl Taurate Copolymer**, Caprylic/ Capric Triglyceride**, Xylitylglucoside**, Anhydroxylitol**, Sodium Stearoyl Glutamate**, Squalane**, Xylitol, Glyceryl Caprylate**, Stearic Acid**, Polys/orbate-60**, Glyceryl Undecylenate**,Cucumis Sativus (Cucumber) Fruit Extract**, Xanthan Gum**, Sodium Hyaluronate**, Lysolecithin**, Citrullus Lanatus (Watermelon) Extract**, Sclerotium Gum**, Phenoxyethanol, Tocopherol**, Sodium Phytate**, Potassium Sorbate**, Glycine Soja (Soybean) Oil**, Allantoin**, Ethylhexylglycerin**, Panthenol**, Pullulan**, Citric Acid**.",1,1,1,1,1,whipped_argan_oil_face_butter,josie_maran,moisturizer,josie_maran_whipped_argan_oil_face_butter,1.0,708.0,28863.0,4.1215,1.7,Moisturizers,24.71,0.58,2.45,"Water**;Aloe Barbadensis (Aloe Vera) Leaf Juice*;Argania Spinosa (Argan) Kernel Oil*;Glyceryl Stearate**;Glycerin**;Cetyl Alcohol**;Ethylhexyl Palmitate**;Dicapryl Carbonate**;Butyrospermum Parkii (Shea Butter)**;Hydroxyethyl Acrylate/Sodium Acryloyl Dimethyl Taurate Copolymer**;Caprylic/ Capric Triglyceride**;Xylitylglucoside**;Anhydroxylitol**;Sodium Stearoyl Glutamate**;Squalane**;Xylitol;Glyceryl Caprylate**;Stearic Acid**;Polys/orbate-60**;Glyceryl Undecylenate**;Cucumis Sativus (Cucumber) Fruit Extract**;Xanthan Gum**;Sodium Hyaluronate**;Lysolecithin**;Citrullus Lanatus (Watermelon) Extract**;Sclerotium Gum**;Phenoxyethanol;Tocopherol**;Sodium Phytate**;Potassium Sorbate**;Glycine Soja (Soybean) Oil**;Allantoin**;Ethylhexylglycerin**;Panthenol**;Pullulan**;Citric Acid**,",1.0,708.0,28863.0,4.1215,1.7,Moisturizers,24.71,0.58,2.45,moisturizer,Very High (26k - 193k)
Moisturizer,OLEHENRIKSEN,Nurture Me™ Moisturizing Crème,40,4.4,"Water, Helianthus Annuss (Ssunflower) Seed Oil, Glycerin, Dimethicone, Glyceryl Stearate SE, Cyclopentasiloxane, Rosa Canina Fruit Oil, Cetearyl Alcohol, Cetyl Alcohol, Parfum/Fragrance, Ceteareth-20, Phenoxyethanol, Oenothera Biennis (Evening Primrose) Oil, Allantoin, Triticum Vulgare (Wheat) Germ Oil, Carmbomer, Panthenol, Caprylyl Glycol, Hexylene Glycol, Ethylhexylglycerin, Ethylhexyl Methoxycinnamate, Tocopheryl Acetate, Citrus Grandis (Grapefruit) Fruit Extract, Citrus Aurantium Dulcis (Orange) Fruit Extract, Chamomilla Recutita (Matricaria) Flower Extract, Calendula Officinalis Flower Extract, Retinyl Palmitate, Citric Acid, Tocopeherol, Yellow 6 (CI 15985), Ascorbyl Palmitate, Red 40 (CI 16035), BHT, Benzyl Benzoate, Citral, Limonene. Linalool.",0,1,0,0,1,nurture_me_moisturizing_crème,olehenriksen,moisturizer,olehenriksen_nurture_me_moisturizing_crème,,,,,,,,,,"Helianthus Annuss (Ssunflower) Seed Oil;Glycerin;Dimethicone;Glyceryl Stearate SE;Cyclopentasiloxane;Rosa Canina Fruit Oil;Cetearyl Alcohol;Cetyl Alcohol;Parfum/Fragrance;Ceteareth-20;Phenoxyethanol;Oenothera Biennis (Evening Primrose) Oil;Allantoin;Triticum Vulgare (Wheat) Germ Oil;Carmbomer;Panthenol;Caprylyl Glycol;Hexylene Glycol;Ethylhexylglycerin;Ethylhexyl Methoxycinnamate;Tocopheryl Acetate;Citrus Grandis (Grapefruit) Fruit Extract;Citrus Aurantium Dulcis (Orange) Fruit Extract;Chamomilla Recutita (Matricaria) Flower Extract;Calendula Officinalis Flower Extract;Retinyl Palmitate;Citric Acid;Tocopeherol;Yellow 6 (CI 15985);Ascorbyl Palmitate;Red 40 (CI 16035);BHT;Benzyl Benzoate;Citral;Limonene, Linalool,",0.0,939.0,17111.0,4.4484,1.7,,23.53,0.47,5.49,moisturizer,nan
Moisturizer,SHISEIDO,Benefiance WrinkleResist24 Balancing Softener Enriched,45,4.6,Visit the Shiseido boutique,0,0,0,0,0,benefiance_wrinkleresist24_balancing_softener_enriched,shiseido,moisturizer,shiseido_benefiance_wrinkleresist24_balancing_softener_enriched,0.0,85.0,6235.0,4.5882,,Moisturizers,,5.4,1.36,Visit the Shiseido boutique,0.0,85.0,6235.0,4.5882,,Moisturizers,,5.4,1.36,moisturizer,Low (3k - 7k)
Moisturizer,FARMACY,Sleep Tight Firming Night Balm with Echinacea GreenEnvy™,48,4.3,"Prunus Amygdalus Dulcis (Sweet Almond) Oil, Coco-Caprylate, Dextrin Palmitate, Helianthus Annuus (Sunflower) Seed Oil, Sorbitan Sesquioleate, Caprylic/Capric Triglyceride, Limnanthes Alba (Meadowfoam) Seed Oil, Tetrahexyldecyl Ascorbate, Octyldodecanol, Patented Echinacea Purpurea 'Greenenvytm' Root Extract, Crambe Abyssinica Seed Oil, Oenothera Biennis (Evening Primrose) Oil, Oryza Sativa (Rice) Bran Oil, Simmondsia Chinensis (Jojoba) Seed Oil, Vitis Vinifera (Grape) Seed Oil, Amber Powder, Amino-Esters-1, Bidens Pilosa Extract, Cananga Odorata Flower Oil, Cardiospermum Halicacabum Flower/Leaf/Vine Extract, Citrus Aurantifolia (Lime) Oil, Citrus Aurantium Bergamia (Bergamot) Fruit Oil, Citrus Aurantium Dulcis (Orange) Peel Oil, Coccinia Indica Fruit Extract, Corallina Officinalis Extract, Corcuma Longa (Turmeric) Root Extract, Echinacea Purpurea Extract, Elaeis Guineensis (Palm) Oil, Gossypium Herbaceum (Cotton) Seed Oil, Helianthus Annuus (Sunflower) Seed Oil Unsaponifiables, Linum Usitatissimum (Linseed) Seed Oil, Melia Azadirachta Flower Extract, Melia Azadirachta Leaf Extract, Moringa Oleifera Seed Oil, Ocimum Sanctum Leaf Extract, Ormenis Multicaulis (Chamomile) Flower Oil, Phenoxyethanol, Ribes Nigrum (Black Currant) Seed Oil, Rosmarinus Officinalis (Rosemary) Leaf Extract, Silica Silylate, Solanum Melongena (Eggplant) Fruit Extract, Spilanthes Acmella Flower Extract, Tocopherol, Tocopheryl Acetate, Water (Aqua), Zingier Officinale (Ginger) Root Oil.",1,1,1,1,1,sleep_tight_firming_night_balm_with_echinacea_greenenvy,farmacy,moisturizer,farmacy_sleep_tight_firming_night_balm_with_echinacea_greenenvy,1.0,463.0,33911.0,4.2138,1.7,Moisturizers,28.24,0.91,1.37,"Prunus Amygdalus Dulcis (Sweet Almond) Oil;Coco-Caprylate;Dextrin Palmitate;Helianthus Annuus (Sunflower) Seed Oil;Sorbitan Sesquioleate;Caprylic/Capric Triglyceride;Limnanthes Alba (Meadowfoam) Seed Oil;Tetrahexyldecyl Ascorbate;Octyldodecanol;Patented Echinacea Purpurea 'Greenenvytm' Root Extract;Crambe Abyssinica Seed Oil;Oenothera Biennis (Evening Primrose) Oil;Oryza Sativa (Rice) Bran Oil;Simmondsia Chinensis (Jojoba) Seed Oil;Vitis Vinifera (Grape) Seed Oil;Amber Powder;Amino-Esters-1;Bidens Pilosa Extract;Cananga Odorata Flower Oil;Cardiospermum Halicacabum Flower/Leaf/Vine Extract;Citrus Aurantifolia (Lime) Oil;Citrus Aurantium Bergamia (Bergamot) Fruit Oil;Citrus Aurantium Dulcis (Orange) Peel Oil;Coccinia Indica Fruit Extract;Corallina Officinalis Extract;Corcuma Longa (Turmeric) Root Extract;Echinacea Purpurea Extract;Elaeis Guineensis (Palm) Oil;Gossypium Herbaceum (Cotton) Seed Oil;Helianthus Annuus (Sunflower) Seed Oil Unsaponifiables;Linum Usitatissimum (Linseed) Seed Oil;Melia Azadirachta Flower Extract;Melia Azadirachta Leaf Extract;Moringa Oleifera Seed Oil;Ocimum Sanctum Leaf Extract;Ormenis Multicaulis (Chamomile) Flower Oil;Phenoxyethanol;Ribes Nigrum (Black Currant) Seed Oil;Rosmarinus Officinalis (Rosemary) Leaf Extract;Silica Silylate;Solanum Melongena (Eggplant) Fruit Extract;Spilanthes Acmella Flower Extract;Tocopherol;Tocopheryl Acetate;Water (Aqua);Zingier Officinale (Ginger) Root Oil,",1.0,463.0,33911.0,4.2138,1.7,Moisturizers,28.24,0.91,1.37,moisturizer,Very High (26k - 193k)
Moisturizer,ORIGINS,Original Skin™ Matte Moisturizer with Willowherb,35,4.5,"Water, Dimethicone, Alcohol Denat., Glycerin, Silica, Butylene Glycol, Citrus Aurantium Dulcis (Orange) Peel Oil*, Citrus Limon (Lemon) Peel Oil*, Pelargonium Graveolens Flower Oil*, Lavandula Angustifolia (Lavender) Oil*, Amyris Balsamifera Bark Oil*, Citrus Aurantium Bergamia (Bergamot) Fruit Oil*, Eugenia Caryophyllus (Clove) Leaf Oil*, Rosa Damascena Flower Oil*, Eucalyptus Globulus Leaf Oil*, Zingiber Officinale (Ginger) Root Oil*, Mentha Viridis (Spearmint) Leaf Oil*, Limonene, Linalool, Citronellol, Citral, Geraniol, Eugenol, Dimethicone Crosspolymer, Ammonium Acryloyldimethyltaurate/Vp Copolymer, Pyrus Malus (Apple) Fruit Extract, Cucumis Sativus (Cucumber) Fruit Extract, Epilobium Angustifolium Flower/Leaf/Stem Extract, Cistus Incanus Flower/Leaf/Stem Extract, Sucrose**, Bambusa Vulgaris (Bamboo) Extract, Pisum Sativum (Pea) Extract, Castanea Sativa (Chestnut) Seed Extract, Albizia Julibrissin Bark Extract, Salicylic Acid, Caffeine, Arginine, Sodium Hyaluronate, Scutellaria Baicalensis Root Extract, Laminaria Saccharina Extract, Laminaria Digitata Extract, Phospholipids, Hydrolyzed Jojoba Esters, Glucosamine Hcl, Lauryl Peg-9 Polydimethylsiloxyethyl Dimethicone, Dimethicone/Vinyl Dimethicone Crosspolymer, Beeswax/Cera Alba/Cire D'Abeille, Caprylyl Glycol, Acrylates/C10-30 Alkyl Acrylate Crosspolymer, Tocopheryl Acetate, Tromethamine, Silica Silylate, Hexylene Glycol, Sodium Polyacrylate, Disodium Edta, Phenoxyethanol, Mica, Titanium Dioxide (Ci 77891), Iron Oxides (Ci 77491)*, Organic Sucrose (Brown Sugar). Essential Oil**.",0,1,1,1,0,original_skin_matte_moisturizer_with_willowherb,origins,moisturizer,origins_original_skin_matte_moisturizer_with_willowherb,,,,,,,,,,"Dimethicone;Alcohol Denat,;Glycerin;Silica;Butylene Glycol;Citrus Aurantium Dulcis (Orange) Peel Oil*;Citrus Limon (Lemon) Peel Oil*;Pelargonium Graveolens Flower Oil*;Lavandula Angustifolia (Lavender) Oil*;Amyris Balsamifera Bark Oil*;Citrus Aurantium Bergamia (Bergamot) Fruit Oil*;Eugenia Caryophyllus (Clove) Leaf Oil*;Rosa Damascena Flower Oil*;Eucalyptus Globulus Leaf Oil*;Zingiber Officinale (Ginger) Root Oil*;Mentha Viridis (Spearmint) Leaf Oil*;Limonene;Linalool;Citronellol;Citral;Geraniol;Eugenol;Dimethicone Crosspolymer;Ammonium Acryloyldimethyltaurate/Vp Copolymer;Pyrus Malus (Apple) Fruit Extract;Cucumis Sativus (Cucumber) Fruit Extract;Epilobium Angustifolium Flower/Leaf/Stem Extract;Cistus Incanus Flower/Leaf/Stem Extract;Sucrose**;Bambusa Vulgaris (Bamboo) Extract;Pisum Sativum (Pea) Extract;Castanea Sativa (Chestnut) Seed Extract;Albizia Julibrissin Bark Extract;Salicylic Acid;Caffeine;Arginine;Sodium Hyaluronate;Scutellaria Baicalensis Root Extract;Laminaria Saccharina Extract;Laminaria Digitata Extract;Phospholipids;Hydrolyzed Jojoba Esters;Glucosamine Hcl;Lauryl Peg-9 Polydimethylsiloxyethyl Dimethicone;Dimethicone/Vinyl Dimethicone Crosspolymer;Beeswax/Cera Alba/Cire D'Abeille;Caprylyl Glycol;Acrylates/C10-30 Alkyl Acrylate Crosspolymer;Tocopheryl Acetate;Tromethamine;Silica Silylate;Hexylene Glycol;Sodium Polyacrylate;Disodium Edta;Phenoxyethanol;Mica;Titanium Dioxide (Ci 77891);Iron Oxides (Ci 77491)*;Organic Sucrose (Brown Sugar), Essential Oil**,",1.0,1000.0,38138.0,4.4701,1.7,,20.59,0.45,2.62,moisturizer,nan
Moisturizer,HERBIVORE,Phoenix Cell Regenerating Facial Oil,88,4.5,"Simmondsia Chinensis (Jojoba) Seed Oil, Rosa Canina (Rosehip) Seed Oil, Limnanthes Alba (Meadowfoam) Seed Oil, Salvia Hispanica (Chia) Seed Oil, CoQ10, Hippophae Rhamnoides L (Sea Buckthorn) Oil, Tocopherol (Vitamin E), Rosa Centifolia Flower Extract (Rose Extract), Citrus Aurantium (Neroli) Oil.",0,1,0,0,1,phoenix_cell_regenerating_facial_oil,herbivore,moisturizer,herbivore_phoenix_cell_regenerating_facial_oil,1.0,175.0,22807.0,4.48,1.7,Moisturizers,51.76,2.56,0.77,"Simmondsia Chinensis (Jojoba) Seed Oil;Rosa Canina (Rosehip) Seed Oil;Limnanthes Alba (Meadowfoam) Seed Oil;Salvia Hispanica (Chia) Seed Oil;CoQ10;Hippophae Rhamnoides L (Sea Buckthorn) Oil;Tocopherol (Vitamin E);Rosa Centifolia Flower Extract (Rose Extract);Citrus Aurantium (Neroli) Oil,",1.0,175.0,22807.0,4.48,1.7,Moisturizers,51.76,2.56,0.77,moisturizer,High (13k - 26k)
Moisturizer,OLEHENRIKSEN,Invigorating Night Transformation™ Gel,48,4.3,"Water, Glycolic Acid, Glycerin, Chondrus Crispus (Carrageenan), Xantahn Gum, Lactic Acid, Potassium Hydroxide, Vaccinium Myrtillus (Bilberry) Fruit Extract, Phenoxyethanol, Saccharum Officinarum (Sugar Cane) Extract, Propylene Glycol, Chlorphenesin, Citrus Limon (Lemon) Fruit Extract, Acer Saccarum (Sugar Maple) Extract, Sodium Dehydroacetate, Citric Acid, Parfum/Fragrance, Biosaccharide Gum-1, Sodium Levulinate, Calcium Ascorbate, Glyceryl Caprylate, Tocopherol, Glycine Soja (Soybean) Oil, Sodium Anisate, Calcium Carbonate, Calcium Threonate, Glycyrrhiza Glabra (Licorice) Root Extract, Sodium Benzoate, Potassium Sorbate, Benzyl Benzoate.",1,1,1,1,1,invigorating_night_transformation_gel,olehenriksen,moisturizer,olehenriksen_invigorating_night_transformation_gel,,,,,,,,,,"Glycolic Acid;Glycerin;Chondrus Crispus (Carrageenan);Xantahn Gum;Lactic Acid;Potassium Hydroxide;Vaccinium Myrtillus (Bilberry) Fruit Extract;Phenoxyethanol;Saccharum Officinarum (Sugar Cane) Extract;Propylene Glycol;Chlorphenesin;Citrus Limon (Lemon) Fruit Extract;Acer Saccarum (Sugar Maple) Extract;Sodium Dehydroacetate;Citric Acid;Parfum/Fragrance;Biosaccharide Gum-1;Sodium Levulinate;Calcium Ascorbate;Glyceryl Caprylate;Tocopherol;Glycine Soja (Soybean) Oil;Sodium Anisate;Calcium Carbonate;Calcium Threonate;Glycyrrhiza Glabra (Licorice) Root Extract;Sodium Benzoate;Potassium Sorbate;Benzyl Benzoate,",0.0,1000.0,44769.0,4.2931,1.7,,28.82,0.43,2.23,moisturizer,nan
Moisturizer,BELIF,Aqua Bomb Sleeping Mask,34,4.7,"Water, Dipropylene Glycol, Polyglycerin-3, 1,2-Hexanediol, Glycerin, PEG-240/HDI Copolymer Bis-Decyltetradecet-20 Ether, Polymethylsilsequioxane, Calluna Vulgaris Extract, Dispacus Sylvestris Extract, Crysanthemum Parthenium (Feverfew) Extract, Avena Sative (Oat) Kernel Extract*, CAlendula Officinalis Flower Extract*, Nepeta Cataria Extract*, Rubus Idaeus (Raspberry) Leaf Extract*, Baptisia Tinctoria Root Extract*, Stellaria Media (Chickweed( Extract*+, Malt Extract, Triticum Vulgare (Wheat) Sprout Extract, Alchemilla Vulgaris Leaf Extract+, Equisetum Arvense Leaf Extract+, UrticaDioicia (Nettle) Leaf Extract+, Melia Azadirachta Leaf Extract, Melia Azadirachta Flower Extract,Coccinia Indica Fruit Extract, Solanum Melongena (Eggplant) Fruit Extract, Aloe Barbadensis Flower Extract, Simmondsia Chinesis (Jojoba) Seed Oil, Ocimum Sanctum Leaf Extract, Curcuma Longa (Tumeric) Root Extract, Corallina Officinalis Extract, Panthenol, Tocopheryl Acetate, Lauryl Dimethicone/Polyglycerin-3 Crosspolymer, Acrylates/C10-30 Alkyl Acrylate Crosspolymer, Carbomer, Hydroxyethylcellulose, Trisodium EDTA, Tromethamine, Citrus Aurantium Dulcis (Orange) Peel Oil++, Citrus Aurantifolia (Lime) Oil++, Pelargonium Graveolens Flower Oil++, Rosmarinus Officinalis (Rosemary) Leaf Oil++, Citral, Citronellol, Geraniol, Limonene, Linalool. *Napiers original formula. +Napiers aqua formula. ++Fragrances.",1,1,1,1,1,aqua_bomb_sleeping_mask,belif,moisturizer,belif_aqua_bomb_sleeping_mask,0.0,745.0,22332.0,4.6255,2.53,Moisturizers,13.44,0.62,3.34,"Dipropylene Glycol;Polyglycerin-3;1,2-Hexanediol;Glycerin;PEG-240/HDI Copolymer Bis-Decyltetradecet-20 Ether;Polymethylsilsequioxane;Calluna Vulgaris Extract;Dispacus Sylvestris Extract;Crysanthemum Parthenium (Feverfew) Extract;Avena Sative (Oat) Kernel Extract*;CAlendula Officinalis Flower Extract*;Nepeta Cataria Extract*;Rubus Idaeus (Raspberry) Leaf Extract*;Baptisia Tinctoria Root Extract*;Stellaria Media (Chickweed( Extract*+;Malt Extract;Triticum Vulgare (Wheat) Sprout Extract;Alchemilla Vulgaris Leaf Extract+;Equisetum Arvense Leaf Extract+;UrticaDioicia (Nettle) Leaf Extract+;Melia Azadirachta Leaf Extract;Melia Azadirachta Flower Extract;Coccinia Indica Fruit Extract;Solanum Melongena (Eggplant) Fruit Extract;Aloe Barbadensis Flower Extract;Simmondsia Chinesis (Jojoba) Seed Oil;Ocimum Sanctum Leaf Extract;Curcuma Longa (Tumeric) Root Extract;Corallina Officinalis Extract;Panthenol;Tocopheryl Acetate;Lauryl Dimethicone/Polyglycerin-3 Crosspolymer;Acrylates/C10-30 Alkyl Acrylate Crosspolymer;Carbomer;Hydroxyethylcellulose;Trisodium EDTA;Tromethamine;Citrus Aurantium Dulcis (Orange) Peel Oil++;Citrus Aurantifolia (Lime) Oil++;Pelargonium Graveolens Flower Oil++;Rosmarinus Officinalis (Rosemary) Leaf Oil++;Citral;Citronellol;Geraniol;Limonene;Linalool, *Napiers original formula, +Napiers aqua formula, ++Fragrances,",0.0,745.0,22332.0,4.6255,2.53,Moisturizers,13.44,0.62,3.34,moisturizer,High (13k - 26k)
Moisturizer,CHARLOTTE TILBURY,Charlotte's Magic Cream Mini,29,3.5,"Water, Homosalate , Glyceryl Stearate SE, Ethylhexyl Salicylate, Butylene Glycol, Glycerin, Butyl Methoxydibenzoylmethane, Octocrylene, Cetyl Alcohol, C12-15 Alkyl Benzoate, Cyclopentasiloxane, Dimethicone, Phenoxyethanol, Butyrospermum Parkii (Shea) Butter, Steareth-21, Avena Sativa (Oat) Kernel Extract, Carbomer, Dimethiconol, Potassium Cetyl Phosphate, Chlorphenesin, Caprylyl Glycol, Xanthan Gum, Hydrolyzed Viola Tricolor Extract, Allantoin, Aloe Barbadensis Leaf Juice, Disodium EDTA, Tocopheryl Acetate, Camellia Oleifera Seed Oil, Rosa Canina Fruit Oil, Rosa Damascena Flower Water, Sodium Hydroxide, Helianthus Annuus (Sunflower) Seed Oil, Michelia Alba Leaf Oil, Sodium Lactate, Coco-Glucoside, PEG-8, Ethylhexylglycerin, Sodium Hyaluronate, Tocopherol, Palmitoyl Oligopeptide, Palmitoyl Tetrapeptide-7, Ascorbyl Palmitate, Plumeria Rubra Flower Extract, Ascorbic Acid, Citric Acid, Nicotiana Sylvestris Leaf Cell Culture, Linalool, Citronellol, Geraniol.",0,0,0,0,0,charlotte's_magic_cream_mini,charlotte_tilbury,moisturizer,charlotte_tilbury_charlotte's_magic_cream_mini,0.0,32.0,6887.0,3.5312,0.5,Moisturizers,58.0,11.04,0.46,"Homosalate;Glyceryl Stearate SE;Ethylhexyl Salicylate;Butylene Glycol;Glycerin;Butyl Methoxydibenzoylmethane;Octocrylene;Cetyl Alcohol;C12-15 Alkyl Benzoate;Cyclopentasiloxane;Dimethicone;Phenoxyethanol;Butyrospermum Parkii (Shea) Butter;Steareth-21;Avena Sativa (Oat) Kernel Extract;Carbomer;Dimethiconol;Potassium Cetyl Phosphate;Chlorphenesin;Caprylyl Glycol;Xanthan Gum;Hydrolyzed Viola Tricolor Extract;Allantoin;Aloe Barbadensis Leaf Juice;Disodium EDTA;Tocopheryl Acetate;Camellia Oleifera Seed Oil;Rosa Canina Fruit Oil;Rosa Damascena Flower Water;Sodium Hydroxide;Helianthus Annuus (Sunflower) Seed Oil;Michelia Alba Leaf Oil;Sodium Lactate;Coco-Glucoside;PEG-8;Ethylhexylglycerin;Sodium Hyaluronate;Tocopherol;Palmitoyl Oligopeptide;Palmitoyl Tetrapeptide-7;Ascorbyl Palmitate;Plumeria Rubra Flower Extract;Ascorbic Acid;Citric Acid;Nicotiana Sylvestris Leaf Cell Culture;Linalool;Citronellol;Geraniol,",0.0,32.0,6887.0,3.5312,0.5,Moisturizers,58.0,11.04,0.46,moisturizer,Low (3k - 7k)
Moisturizer,YOUTH TO THE PEOPLE,Superfood Air-Whip Hyaluronic Acid Moisture Cream,48,4.2,"Water, Helianthus Annuus (Sunflower) Seed Oil, Glyceryl Stearate, Cetyl Alcohol, Lecithin, Glycerin, Tocopheryl Acetate (Vitamin E), Ascorbic Acid (Vitamin C), Panthenol (Vitamin B5), Sodium Hyaluronate Crosspolymer, Butylene Glycol, Brassica Oleracea (Kale) Leaf Extract, Spinacia Oleracea (Spinach) Leaf Extract, Camellia Sinensis (Green Tea) Leaf Extract, Chamomilla Recutita (Matricaria) Flower Extract, Medicago Sativa (Alfalfa) Extract, Aloe Barbadensis (Aloe Vera) Leaf Extract, Sodium Hyaluronate, Natural Fragrance, Hydroxyethylcellulose, Pentylene Glycol, Ethylhexylglycerin, Phenoxyethanol, Potassium Sorbate, Sodium Benzoate, Chlorophyll.",1,0,1,1,1,superfood_air_whip_hyaluronic_acid_moisture_cream,youth_to_the_people,moisturizer,youth_to_the_people_superfood_air_whip_hyaluronic_acid_moisture_cream,,,,,,,,,,"Helianthus Annuus (Sunflower) Seed Oil;Glyceryl Stearate;Cetyl Alcohol;Lecithin;Glycerin;Tocopheryl Acetate (Vitamin E);Ascorbic Acid (Vitamin C);Panthenol (Vitamin B5);Sodium Hyaluronate Crosspolymer;Butylene Glycol;Brassica Oleracea (Kale) Leaf Extract;Spinacia Oleracea (Spinach) Leaf Extract;Camellia Sinensis (Green Tea) Leaf Extract;Chamomilla Recutita (Matricaria) Flower Extract;Medicago Sativa (Alfalfa) Extract;Aloe Barbadensis (Aloe Vera) Leaf Extract;Sodium Hyaluronate;Natural Fragrance;Hydroxyethylcellulose;Pentylene Glycol;Ethylhexylglycerin;Phenoxyethanol;Potassium Sorbate;Sodium Benzoate;Chlorophyll,",1.0,683.0,30370.0,4.2006,2.0,Moisturizers,24.0,0.62,2.25,moisturizer,nan
Moisturizer,SK-II,Facial Treatment Essence Karan Singh Limited Edition,229,0.0,"Galactomyces Ferment Filtrate*, Butylene Glycol, Pentylene Glycol, Water, Sodium Benzoate, Methylparaben, Sorbic Acid. *PITERA™.",0,0,0,0,0,facial_treatment_essence_karan_singh_limited_edition,sk_ii,moisturizer,sk_ii_facial_treatment_essence_karan_singh_limited_edition,,,,,,,,,,"Galactomyces Ferment Filtrate*;Butylene Glycol;Pentylene Glycol;Sodium Benzoate;Methylparaben;Sorbic Acid, *PITERA™,",,,,,,,,,,moisturizer,nan
Moisturizer,TATCHA,The Indigo Cream Soothing Skin Protectant,85,4.2,"Water, Squalane, Dimethicone, Propanediol, Glycerin, Diisostearyl Malate, Oryza Sativa (Rice) Bran Wax, Behenyl Alcohol, Saccharomyces/Camellia Sinensis Leaf/Cladosiphon Okamuranus/Rice Ferment Filtrate*, Indigofera Tinctoria Leaf Extract, Polygonum Tinctorium Leaf/Stem Extract, Avena Sativa (Oat) Kernel Extract, Sophora Japonica Flower Extract, Oryza Sativa (Rice) Germ Oil, Cocos Nucifera (Coconut) Oil, Inositol, Sericin, Tetrasodium Tetracarboxymethyl Naringeninchalcone, Amorphophallus Konjac Root Powder, Sodium Hyaluronate, Sorbitan Tristearate, Trihydroxystearin, Dimethicone/Vinyl Dimethicone Crosspolymer, Beheneth-20, Bis-Diglyceryl Polyacyladipate-2, Ethylhexylglycerin, Butylene Glycol, Sodium Dilauramidoglutamide Lysine, Disodium Edta, Ethylhexyl Palmitate, Sodium Acrylate/Acryloyldimethyltaurate/Dimethylacrylamide Crosspolymer, Phenoxyethanol, Titanium Dioxide (Ci77891), Tin Oxide (Ci 77861), Mica (Ci 77019).",1,1,1,1,1,the_indigo_cream_soothing_skin_protectant,tatcha,moisturizer,tatcha_the_indigo_cream_soothing_skin_protectant,1.0,72.0,8519.0,4.2639,1.7,Moisturizers,50.0,5.92,0.85,"Squalane;Dimethicone;Propanediol;Glycerin;Diisostearyl Malate;Oryza Sativa (Rice) Bran Wax;Behenyl Alcohol;Saccharomyces/Camellia Sinensis Leaf/Cladosiphon Okamuranus/Rice Ferment Filtrate*;Indigofera Tinctoria Leaf Extract;Polygonum Tinctorium Leaf/Stem Extract;Avena Sativa (Oat) Kernel Extract;Sophora Japonica Flower Extract;Oryza Sativa (Rice) Germ Oil;Cocos Nucifera (Coconut) Oil;Inositol;Sericin;Tetrasodium Tetracarboxymethyl Naringeninchalcone;Amorphophallus Konjac Root Powder;Sodium Hyaluronate;Sorbitan Tristearate;Trihydroxystearin;Dimethicone/Vinyl Dimethicone Crosspolymer;Beheneth-20;Bis-Diglyceryl Polyacyladipate-2;Ethylhexylglycerin;Butylene Glycol;Sodium Dilauramidoglutamide Lysine;Disodium Edta;Ethylhexyl Palmitate;Sodium Acrylate/Acryloyldimethyltaurate/Dimethylacrylamide Crosspolymer;Phenoxyethanol;Titanium Dioxide (Ci77891);Tin Oxide (Ci 77861);Mica (Ci 77019),",1.0,72.0,8519.0,4.2639,1.7,Moisturizers,50.0,5.92,0.85,moisturizer,Medium (7k - 13k)
Moisturizer,KIEHL'S SINCE 1851,Super Multi-Corrective Cream,84,4.3,"Water, Glycerin, Dicaprylyl Ether, Butyrospermum Parkii Butter/Shea Butter, Hydroxypropyl Tetrahydropyrantriol, Isononyl Isononanoate, Isopropyl Isostearate, Propylene Glycol, Sodium Tetrahydrojasmonate, Cetyl Alcohol, Dimethicone, Behenyl Alcohol, Dipropylene Glycol, Stearic Acid, Glyceryl Stearate, Palmitic Acid, Phenoxyethanol, Cetearyl Alcohol, Carbomer, Arachidyl Alcohol, Caprylyl Glycol, PEG-100 Stearate, Xanthan Gum, Sodium Hydroxide, Cetearyl Glucoside, Stearyl Alcohol, Hydrolyzed Hyaluronic Acid, Disodium EDTA, Rosmarinus Officinalis Leaf Oil/Rosemary Leaf Oil, Adenosine, Limonene, Pelargonium Graveolens Flower Oil, Lavandula Hybrida Oil, Cucumis Sativus Fruit Extract/Cucumber Fruit Extract, Curcuma Longa Extract/Turmeric Root Extract, Sclareolide, Rosa SPP/Rose Flower Oil, Jasminum Officinale Extract/ Jasmine Extract, Citric Acid.",0,0,0,0,0,super_multi_corrective_cream,kiehl's_since_1851,moisturizer,kiehl's_since_1851_super_multi_corrective_cream,0.0,33.0,4825.0,4.2121,2.5,Moisturizers,34.0,12.76,0.68,"Glycerin;Dicaprylyl Ether;Butyrospermum Parkii Butter/Shea Butter;Hydroxypropyl Tetrahydropyrantriol;Isononyl Isononanoate;Isopropyl Isostearate;Propylene Glycol;Sodium Tetrahydrojasmonate;Cetyl Alcohol;Dimethicone;Behenyl Alcohol;Dipropylene Glycol;Stearic Acid;Glyceryl Stearate;Palmitic Acid;Phenoxyethanol;Cetearyl Alcohol;Carbomer;Arachidyl Alcohol;Caprylyl Glycol;PEG-100 Stearate;Xanthan Gum;Sodium Hydroxide;Cetearyl Glucoside;Stearyl Alcohol;Hydrolyzed Hyaluronic Acid;Disodium EDTA;Rosmarinus Officinalis Leaf Oil/Rosemary Leaf Oil;Adenosine;Limonene;Pelargonium Graveolens Flower Oil;Lavandula Hybrida Oil;Cucumis Sativus Fruit Extract/Cucumber Fruit Extract;Curcuma Longa Extract/Turmeric Root Extract;Sclareolide;Rosa SPP/Rose Flower Oil;Jasminum Officinale Extract/ Jasmine Extract;Citric Acid,",0.0,33.0,4825.0,4.2121,2.5,Moisturizers,34.0,12.76,0.68,moisturizer,Low (3k - 7k)
Moisturizer,BIOSSANCE,Squalane + Omega Repair Cream,58,4.7,"Water, Squalane, Glycerin, Caprylic/Capric Triglyceride, Isoamyl Laurate, Butyrospermum Parkii (Shea) Butter, Sorbitan Olivate, Cetearyl Olivate, Ceramide NP, Jojoba Esters, Sodium Hyaluronate, Euterpe Oleracea Sterols, Linoleic Acid, Oleic Acid, Linolenic Acid, Ethyl Linoleate, Tocopherol, Isoamyl Cocoate, Cetyl Palmitate, Sorbitan Palmitate, Cetearyl Alcohol, Ethylhexylglycerin, Carbomer, Sodium Hydroxide, Phenoxyethanol, Sodium Gluconate.",1,1,1,0,1,squalane_omega_repair_cream,biossance,moisturizer,biossance_squalane_omega_repair_cream,1.0,255.0,7834.0,4.5294,1.69,Moisturizers,34.32,1.78,3.26,"Squalane;Glycerin;Caprylic/Capric Triglyceride;Isoamyl Laurate;Butyrospermum Parkii (Shea) Butter;Sorbitan Olivate;Cetearyl Olivate;Ceramide NP;Jojoba Esters;Sodium Hyaluronate;Euterpe Oleracea Sterols;Linoleic Acid;Oleic Acid;Linolenic Acid;Ethyl Linoleate;Tocopherol;Isoamyl Cocoate;Cetyl Palmitate;Sorbitan Palmitate;Cetearyl Alcohol;Ethylhexylglycerin;Carbomer;Sodium Hydroxide;Phenoxyethanol;Sodium Gluconate,",1.0,255.0,7834.0,4.5294,1.69,Moisturizers,34.32,1.78,3.26,moisturizer,Medium (7k - 13k)
Moisturizer,SHISEIDO,Bio-Performance Advanced Super Restoring Cream,127,4.3,"Dimethicone, Cetyl Alcohol, Glyceryl Stearate Se, Peg-100 Stearate, Myristyl Myristate, Hydrogenated Polyisobutene, Erythritol, Microcrystalline Wax (Cera Microcristallina), Behenyl Alcohol, Dimethylacrylamide/Sodium Acryloyldimethyltaurate Crosspolymer, Stearyl Alcohol, Talc, Phenoxyethanol, Methylparaben, Silica, Alumina, Disodium Edta, Sorbitan Tristearatee, Thylparaben, Fragrance, Sodium Citrate, Titanium Dioxide (Ci 77891), Tocopheryl Acetate, Citric Acid, Sodium Metaphosphate, Inositol, Benzyl Benzoate, Alpha-Isomethyl Ionone, Saccharomyces Ferment Lysate Filtrate, Hexyl Cinnamal, Linalool, Limonene, Methylisothiazolinone, Sodium Metabisulfite, Citronellol, Geraniol, Butylphenyl Methylpropional, Sodium Acetylated Hyaluronate, Eugenol, Syzygium Jambos Leaf Extract, Iron Oxides (Ci 77491), Iron Oxides (Ci 77492), Tocopherol.",0,0,0,0,0,bio_performance_advanced_super_restoring_cream,shiseido,moisturizer,shiseido_bio_performance_advanced_super_restoring_cream,0.0,41.0,3695.0,4.3659,2.6,Moisturizers,48.85,10.65,1.11,"Dimethicone;Cetyl Alcohol;Glyceryl Stearate Se;Peg-100 Stearate;Myristyl Myristate;Hydrogenated Polyisobutene;Erythritol;Microcrystalline Wax (Cera Microcristallina);Behenyl Alcohol;Dimethylacrylamide/Sodium Acryloyldimethyltaurate Crosspolymer;Stearyl Alcohol;Talc;Phenoxyethanol;Methylparaben;Silica;Alumina;Disodium Edta;Sorbitan Tristearatee;Thylparaben;Fragrance;Sodium Citrate;Titanium Dioxide (Ci 77891);Tocopheryl Acetate;Citric Acid;Sodium Metaphosphate;Inositol;Benzyl Benzoate;Alpha-Isomethyl Ionone;Saccharomyces Ferment Lysate Filtrate;Hexyl Cinnamal;Linalool;Limonene;Methylisothiazolinone;Sodium Metabisulfite;Citronellol;Geraniol;Butylphenyl Methylpropional;Sodium Acetylated Hyaluronate;Eugenol;Syzygium Jambos Leaf Extract;Iron Oxides (Ci 77491);Iron Oxides (Ci 77492);Tocopherol,",0.0,41.0,3695.0,4.3659,2.6,Moisturizers,48.85,10.65,1.11,moisturizer,Low (3k - 7k)
Moisturizer,ORIGINS,High-Potency Night-a-Mins™ Resurfacing Cream with Fruit-Derived AHAs,45,4.3,* essential oil,0,1,1,0,0,high_potency_night_a_mins_resurfacing_cream_with_fruit_derived_ahas,origins,moisturizer,origins_high_potency_night_a_mins_resurfacing_cream_with_fruit_derived_ahas,,,,,,,,,,* essential oil,1.0,335.0,5317.0,4.3254,1.7,,26.47,1.29,6.3,moisturizer,nan
Moisturizer,SHISEIDO,Benefiance WrinkleResist24 Day Emulsion Broad Spectrum SPF 18,60,4.3,"Water, Cyclomethicone, Dipropylene Glycol, Glycerin, SD Alcohol 40-B, Xylitol, Phenyl Trimethicone, Dimethicone Copolyol, Magnesium Aluminum Silicate, Trimethylsiloxysilicate, Potassium Ascorbyl Tocopheryl Phosphate, Thiotaurine, Ginseng Extract, Sodium Acetylated Hyaluronate, Hydroxyproline, Wild Thyme Extract, Chlorella Vulgaris Extract, PEG-150, Distearyldimonium Chloride, Aluminum Hydroxide, Stearic Acid, Sodium Citrate, Butylene Glycol, Sodium Hexametaphosphate, Isopropyl Alcohol, Alcohol, Trisodium EDTA, BHT, Tocopherol, Phenoxyethanol, Methylparaben, Fragrance, Titanium Dioxide, Iron Oxides.",0,0,0,0,0,benefiance_wrinkleresist24_day_emulsion_broad_spectrum_spf_18,shiseido,moisturizer,shiseido_benefiance_wrinkleresist24_day_emulsion_broad_spectrum_spf_18,,,,,,,,,,"Cyclomethicone;Dipropylene Glycol;Glycerin;SD Alcohol 40-B;Xylitol;Phenyl Trimethicone;Dimethicone Copolyol;Magnesium Aluminum Silicate;Trimethylsiloxysilicate;Potassium Ascorbyl Tocopheryl Phosphate;Thiotaurine;Ginseng Extract;Sodium Acetylated Hyaluronate;Hydroxyproline;Wild Thyme Extract;Chlorella Vulgaris Extract;PEG-150;Distearyldimonium Chloride;Aluminum Hydroxide;Stearic Acid;Sodium Citrate;Butylene Glycol;Sodium Hexametaphosphate;Isopropyl Alcohol;Alcohol;Trisodium EDTA;BHT;Tocopherol;Phenoxyethanol;Methylparaben;Fragrance;Titanium Dioxide;Iron Oxides,",0.0,103.0,5051.0,4.2913,2.5,Moisturizers,24.0,4.17,2.04,moisturizer,nan
Moisturizer,MAKE UP FOR EVER,Mist & Fix Setting Spray,30,4.2,Visit the MAKE UP FOR EVER boutique,0,0,0,0,0,mist_fix_setting_spray,make_up_for_ever,moisturizer,make_up_for_ever_mist_fix_setting_spray,0.0,1000.0,66170.0,4.2422,4.22,Moisturizers,7.11,0.42,1.51,Visit the MAKE UP FOR EVER boutique,0.0,1000.0,66170.0,4.2422,4.22,Moisturizers,7.11,0.42,1.51,moisturizer,Very High (26k - 193k)
Moisturizer,IT COSMETICS,Bye Bye Redness™ Neutralizing Correcting Cream,32,4.2,"Cyclopentasiloxane, Water, Silica, Peg/Ppg-18/18 Dimethicone, Dimethicone/Vinyl Dimethicone Crosspolymer, Isododecane, Propanediol, Dimethicone, Polysilicone-11, Lauryl Peg/Ppg-18/18 Methicone, Peg-10 Dimethicone, Magnesium Aluminum Silicate, Sodium Chloride, Polyglyceryl-4 Isostearate, Butylene Glycol, Decyl Glucoside, Disteardimonium Hectorite, Cetyl Peg/Ppg-10/1 Dimethicone, Methicone, Hexyl Laurate, Retinyl Palmitate, Ascorbyl Palmitate, Tocopheryl Acetate, Hydrolyzed Collagen, Hydrolyzed Silk, Acetyl Octapeptide-3, Dipeptide Diaminobutyroyl Benzylamide Diacetate, Acetyl Hexapeptide-8, Camellia Sinensis Leaf Extract, Caprylic/Capric Triglyceride, Aloe Barbadensis Leaf Extract, Olea Europaea (Olive) Leaf Extract, Punica Granatum Extract, Glycyrrhiza Glabra (Licorice) Root Extract, Carthamus Tinctorius (Safflower) Seed Oil, Vitis Vinifera (Grape) Seed Extract, Chamomilla Recutita (Matricaria) Flower Extract, Prunus Domestica Seed Oil, Persea Gratissima (Avocado) Oil, Perfluorodecalin, Niacinamide, Glycerin, Carbomer, Polysorbate 20, Palmitoyl Oligopeptide, Palmitoyl Tetrapeptide-7, Ethylhexyl Palmitate, Silica Dimethyl Silylate, Hyaluronic Acid, Cholesteryl Nonanoate, Cholesteryl Oleyl Carbonate, Cholesteryl Chloride, Colloidal Oatmeal, Magnolia Acuminata Bark Extract, Chrysanthemum Parthenium (Feverfew) Extract, Citrus Grandis (Grapefruit) Peel Oil, Lithospermum Officinale Extract, Agaricus Bisporus (Mushroom) Extract, Glycine Soja (Soybean) Seed Extract, Curcuma Longa (Turmeric) Root Extract, Phenoxyethanol, Ethylhexylglycerin, [+/-: Titanium Dioxide (Ci 77891), Iron Oxides (Ci 77492, Ci 77491, Ci 77499)].",0,0,0,0,0,bye_bye_redness_neutralizing_correcting_cream,it_cosmetics,moisturizer,it_cosmetics_bye_bye_redness_neutralizing_correcting_cream,,,,,,,,,,"Cyclopentasiloxane;Silica;Peg/Ppg-18/18 Dimethicone;Dimethicone/Vinyl Dimethicone Crosspolymer;Isododecane;Propanediol;Dimethicone;Polysilicone-11;Lauryl Peg/Ppg-18/18 Methicone;Peg-10 Dimethicone;Magnesium Aluminum Silicate;Sodium Chloride;Polyglyceryl-4 Isostearate;Butylene Glycol;Decyl Glucoside;Disteardimonium Hectorite;Cetyl Peg/Ppg-10/1 Dimethicone;Methicone;Hexyl Laurate;Retinyl Palmitate;Ascorbyl Palmitate;Tocopheryl Acetate;Hydrolyzed Collagen;Hydrolyzed Silk;Acetyl Octapeptide-3;Dipeptide Diaminobutyroyl Benzylamide Diacetate;Acetyl Hexapeptide-8;Camellia Sinensis Leaf Extract;Caprylic/Capric Triglyceride;Aloe Barbadensis Leaf Extract;Olea Europaea (Olive) Leaf Extract;Punica Granatum Extract;Glycyrrhiza Glabra (Licorice) Root Extract;Carthamus Tinctorius (Safflower) Seed Oil;Vitis Vinifera (Grape) Seed Extract;Chamomilla Recutita (Matricaria) Flower Extract;Prunus Domestica Seed Oil;Persea Gratissima (Avocado) Oil;Perfluorodecalin;Niacinamide;Glycerin;Carbomer;Polysorbate 20;Palmitoyl Oligopeptide;Palmitoyl Tetrapeptide-7;Ethylhexyl Palmitate;Silica Dimethyl Silylate;Hyaluronic Acid;Cholesteryl Nonanoate;Cholesteryl Oleyl Carbonate;Cholesteryl Chloride;Colloidal Oatmeal;Magnolia Acuminata Bark Extract;Chrysanthemum Parthenium (Feverfew) Extract;Citrus Grandis (Grapefruit) Peel Oil;Lithospermum Officinale Extract;Agaricus Bisporus (Mushroom) Extract;Glycine Soja (Soybean) Seed Extract;Curcuma Longa (Turmeric) Root Extract;Phenoxyethanol;Ethylhexylglycerin;[+/-: Titanium Dioxide (Ci 77891);Iron Oxides (Ci 77492;Ci 77491;Ci 77499)],",0.0,636.0,31776.0,4.2233,0.37,,86.49,0.66,2.0,moisturizer,nan
Moisturizer,KIEHL'S SINCE 1851,Daily Reviving Concentrate,47,4.7,"Caprylic/Capric Triglyceride, Dicaprylyl Ether, Dicaprylyl Carbonate, Squalane, Canola Oil Sunflower Seed Oil Unsaponifiables, Tocopherol, Limonene, Orange Peel Oil, Coriander Seed Oil, Calophyllum Inophyllum Seed Oil, Rosa Rubiginosa Seed Oil, Grapefruit Peel Oil, Ginger Root Oil, Linalool, Citral, Geraniol, Acerola Fruit Extract.",1,1,1,1,1,daily_reviving_concentrate,kiehl's_since_1851,moisturizer,kiehl's_since_1851_daily_reviving_concentrate,0.0,88.0,18345.0,4.625,1.0,Moisturizers,47.0,5.26,0.48,"Caprylic/Capric Triglyceride;Dicaprylyl Ether;Dicaprylyl Carbonate;Squalane;Canola Oil Sunflower Seed Oil Unsaponifiables;Tocopherol;Limonene;Orange Peel Oil;Coriander Seed Oil;Calophyllum Inophyllum Seed Oil;Rosa Rubiginosa Seed Oil;Grapefruit Peel Oil;Ginger Root Oil;Linalool;Citral;Geraniol;Acerola Fruit Extract,",0.0,88.0,18345.0,4.625,1.0,Moisturizers,47.0,5.26,0.48,moisturizer,High (13k - 26k)
Moisturizer,BOBBI BROWN,BB Cream SPF 35,47,3.9,"-Octinoxate 7.50%, Octisalate 4.00%, Oxybenzone 2.50%, Titanium Dioxide 1.10%: Sunscreen.",1,0,1,1,0,bb_cream_spf_35,bobbi_brown,moisturizer,bobbi_brown_bb_cream_spf_35,0.0,657.0,27579.0,3.9269,1.35,Moisturizers,34.81,0.6,2.38,"-Octinoxate 7,50%;Octisalate 4,00%;Oxybenzone 2,50%;Titanium Dioxide 1,10%: Sunscreen,",0.0,657.0,27579.0,3.9269,1.35,Moisturizers,34.81,0.6,2.38,moisturizer,Very High (26k - 193k)
Moisturizer,FRESH,Vitamin C Glow Moisturizer,42,4.3,"Water, Glycerin, Pentylene Glycol, Ethylhexyl Isononanoate, Caprylic/Capric Triglyceride, Jojoba Esters, Glyceryl Stearate, Caprylyl Methicone, Polyglycerin-3, Propanediol, Glucosyl Hesperidin, Vaccinium Myrtillus Fruit Extract, Saccharum Officinarum (Sugar Cane) Extract, Citrus Medica Limonum (Lemon) Fruit Extract, Citrus Aurantium Dulcis (Orange) Fruit Extract, Acer Saccharum (Sugar Maple) Extract, Tocopheryl Acetate, Ascorbyl Tetraisopalmitate, Panthenol, Tocopherol, Magnesium Aspartate, Zinc Gluconate, Copper Gluconate, Ethylhexyl Palmitate, Stearyl Alcohol, Ceteth-20, Sodium Polyacrylate, Stearic Acid, Steareth-21, Steareth-25, Caprylyl Glycol, Tromethamine, Acrylates/C10-30 Alkyl Acrylate Crosspolymer, Fragrance, Tetrasodium EDTA, Xanthan Gum, Sodium Hyaluronate, Butylene Glycol, Caramel, BHT, Phenoxyethanol, Limonene, Linalool, Citral, Benzyl Salicylate.",1,0,1,1,1,vitamin_c_glow_moisturizer,fresh,moisturizer,fresh_vitamin_c_glow_moisturizer,0.0,295.0,20980.0,4.3458,1.6,Moisturizers,26.25,1.47,1.41,"Glycerin;Pentylene Glycol;Ethylhexyl Isononanoate;Caprylic/Capric Triglyceride;Jojoba Esters;Glyceryl Stearate;Caprylyl Methicone;Polyglycerin-3;Propanediol;Glucosyl Hesperidin;Vaccinium Myrtillus Fruit Extract;Saccharum Officinarum (Sugar Cane) Extract;Citrus Medica Limonum (Lemon) Fruit Extract;Citrus Aurantium Dulcis (Orange) Fruit Extract;Acer Saccharum (Sugar Maple) Extract;Tocopheryl Acetate;Ascorbyl Tetraisopalmitate;Panthenol;Tocopherol;Magnesium Aspartate;Zinc Gluconate;Copper Gluconate;Ethylhexyl Palmitate;Stearyl Alcohol;Ceteth-20;Sodium Polyacrylate;Stearic Acid;Steareth-21;Steareth-25;Caprylyl Glycol;Tromethamine;Acrylates/C10-30 Alkyl Acrylate Crosspolymer;Fragrance;Tetrasodium EDTA;Xanthan Gum;Sodium Hyaluronate;Butylene Glycol;Caramel;BHT;Phenoxyethanol;Limonene;Linalool;Citral;Benzyl Salicylate,",0.0,295.0,20980.0,4.3458,1.6,Moisturizers,26.25,1.47,1.41,moisturizer,High (13k - 26k)
Moisturizer,KORRES,Wild Rose + Vitamin C Advanced Brightening Sleeping Facial,48,4.4,"Water, Glycerin, Glyceryl Stearate Citrate, Dicaprylyl Carbonate, Triheptanoin, Alcohol Denat., Behenyl Alcohol, Glyceryl Stearate, Aloe Barbadensis Leaf Juice, Isodecyl Neopentanoate, Simmondsia Chinensis, (Jojoba) Seed Oil, Cera Alba/Beeswax/Cire D'abeille, Lecithin, Imperata Cylindrica Root Extract, Acacia Decurrens/Jojoba/Sunflower Seed Wax, Polyglyceryl-3 Esters, Rosa Canina Fruit Oil, Acrylates/C10-30 Alkyl Acrylate Crosspolymer, Ascorbyl Tetraisopalmitate, Caprylyl Glycol, Carbomer, Cetearyl Alcohol, Citric Acid, Distarch, Phosphate, Galactoarabinan, Glycine Soja (Soybean), Oil, Glycine Soja (Soybean) Sterols, Helianthus, Annuus (Sunflower) Seed Oil, Hydrolyzed Sodium, Hyaluronate, Hydroxyethyl Acrylate/Sodium, Acryloyldimethyl Taurate Copolymer, Lactic Acid, Parfum/Fragrance, Phenoxyethanol, Rosa Canina, Fruit Extract, Rosmarinus Officinalis (Rosemary), Leaf Extract, Rosmarinus Officinalis (Rosemary), Extract, Sodium Benzoate, Sodium Gluceptate, Sodium Hydroxide, Tetrahydrodiferuloylmethane, Tocopherol, Tocopheryl Acetate, Xanthan Gum.",1,1,1,1,1,wild_rose_vitamin_c_advanced_brightening_sleeping_facial,korres,moisturizer,korres_wild_rose_vitamin_c_advanced_brightening_sleeping_facial,1.0,1000.0,60359.0,4.3833,1.35,Moisturizers,35.56,0.44,1.66,"Glycerin;Glyceryl Stearate Citrate;Dicaprylyl Carbonate;Triheptanoin;Alcohol Denat,;Behenyl Alcohol;Glyceryl Stearate;Aloe Barbadensis Leaf Juice;Isodecyl Neopentanoate;Simmondsia Chinensis;(Jojoba) Seed Oil;Cera Alba/Beeswax/Cire D'abeille;Lecithin;Imperata Cylindrica Root Extract;Acacia Decurrens/Jojoba/Sunflower Seed Wax;Polyglyceryl-3 Esters;Rosa Canina Fruit Oil;Acrylates/C10-30 Alkyl Acrylate Crosspolymer;Ascorbyl Tetraisopalmitate;Caprylyl Glycol;Carbomer;Cetearyl Alcohol;Citric Acid;Distarch;Phosphate;Galactoarabinan;Glycine Soja (Soybean);Oil;Glycine Soja (Soybean) Sterols;Helianthus;Annuus (Sunflower) Seed Oil;Hydrolyzed Sodium;Hyaluronate;Hydroxyethyl Acrylate/Sodium;Acryloyldimethyl Taurate Copolymer;Lactic Acid;Parfum/Fragrance;Phenoxyethanol;Rosa Canina;Fruit Extract;Rosmarinus Officinalis (Rosemary);Leaf Extract;Rosmarinus Officinalis (Rosemary);Extract;Sodium Benzoate;Sodium Gluceptate;Sodium Hydroxide;Tetrahydrodiferuloylmethane;Tocopherol;Tocopheryl Acetate;Xanthan Gum,",1.0,1000.0,60359.0,4.3833,1.35,Moisturizers,35.56,0.44,1.66,moisturizer,Very High (26k - 193k)
Moisturizer,FRESH,Vitamin Nectar Antioxidant Face Mist,44,4.8,"Water, Glycerin, Penty- lene Glycol, PEG-60 Hydrogenated Castor Oil, Vaccinium Myrtillus Fruit Extract, Saccharum Officinarum (Sugar Cane) Extract, Citrus Au- rantium Dulcis (Orange) Fruit Extract, Citrus Limon (Lemon) Fruit Extract, Acer Saccharum (Sugar Maple) Extract, Tocopheryl Acetate, Ascorbyl Tetraisopalmitate, Sodium Tocopheryl Phosphate, Tocopherol, Panthenol, Magnesium Aspartate, Zinc Gluconate, Copper Gluconate, Propanediol, Sodium Citrate, Citric Acid, Men- thoxypropanediol, Fragrance, Phenoxyethanol, Limonene, Linalool.",0,0,0,0,0,vitamin_nectar_antioxidant_face_mist,fresh,moisturizer,fresh_vitamin_nectar_antioxidant_face_mist,0.0,107.0,15974.0,4.757,8.4,Moisturizers,5.24,4.45,0.67,"Glycerin;Penty- lene Glycol;PEG-60 Hydrogenated Castor Oil;Vaccinium Myrtillus Fruit Extract;Saccharum Officinarum (Sugar Cane) Extract;Citrus Au- rantium Dulcis (Orange) Fruit Extract;Citrus Limon (Lemon) Fruit Extract;Acer Saccharum (Sugar Maple) Extract;Tocopheryl Acetate;Ascorbyl Tetraisopalmitate;Sodium Tocopheryl Phosphate;Tocopherol;Panthenol;Magnesium Aspartate;Zinc Gluconate;Copper Gluconate;Propanediol;Sodium Citrate;Citric Acid;Men- thoxypropanediol;Fragrance;Phenoxyethanol;Limonene;Linalool,",0.0,107.0,15974.0,4.757,8.4,Moisturizers,5.24,4.45,0.67,moisturizer,High (13k - 26k)
Moisturizer,BELIF,Peat Miracle Revital Cream,58,4.7,"Water, Dipropylene Glycol, Glycerin, Caprylic/Capric Triglyceride, Hydrogenated Polyisobutene, Triethylhexanoin, Cyclopentasiloxane, 1,2-Hexanediol, Cetearyl Alcohol, C14-22 Alcohols, Glyceryl Stearate, Silica, Poncirus Trifoliata Fruit Extract, Panthenol, Perfluorononylethyl Stearyl Dimethicone, Jojoba Esters, Peat Extract(0.5%), Euphrasia Officinalis Extract*, Glycyrrhiza Glabra (Licorice) Root Extract*, Achillea Millefolium Flower Extract*, Aesculus Hippocastanum (Horse Chestnut) Leaf Extract*, Rhodiola Rosea Root Extract*, Vaccinium Myrtillus Fruit Extract*, Equisetum Arvense Leaf Extract*, Avena Sativa (Oat) Kernel Extract**, Calendula Officinalis Flower Extract**, Nepeta Cataria Extract**, Rubus Idaeus (Raspberry) Leaf Extract**, Baptisia Tinctoria Root Extract**, Stellaria Media (Chickweed) Extract**, Alchemilla Vulgaris Leaf Extract+, Viola Tricolor Extract+, Rosa Damascena Flower Extract+, Spiraea Ulmaria Flower Extract+, Althaea Officinalis Root Extract+, Ceramide Np, Phytosphingosine, Cetearyl Olivate, Sucrose Polystearate, Hydrogenated Lecithin, Peg-10 Rapeseed Sterol, Glycereth-20, Cetyl Palmitate, Sorbitan Palmitate, Sorbitan Olivate, Peg-100 Stearate, C12-20 Alkyl Glucoside, Niacinamide, Alanyl Glutamine, Dimethicone, Ammonium Acryloyldimethyltaurate/Vp Copolymer, Carbomer, Xanthan Gum, Mica, Titanium Dioxide, Iron Oxides(Ci 77491), Trisodium Edta, Potassium Hydroxide, Fragrance++, Citronellol, Limonene, Geraniol, Linalool*. *Fragrances Of Natural Origin",1,1,1,0,0,peat_miracle_revital_cream,belif,moisturizer,belif_peat_miracle_revital_cream,0.0,54.0,10523.0,4.7222,1.68,Moisturizers,34.52,8.74,0.51,"Dipropylene Glycol;Glycerin;Caprylic/Capric Triglyceride;Hydrogenated Polyisobutene;Triethylhexanoin;Cyclopentasiloxane;1,2-Hexanediol;Cetearyl Alcohol;C14-22 Alcohols;Glyceryl Stearate;Silica;Poncirus Trifoliata Fruit Extract;Panthenol;Perfluorononylethyl Stearyl Dimethicone;Jojoba Esters;Peat Extract(0,5%);Euphrasia Officinalis Extract*;Glycyrrhiza Glabra (Licorice) Root Extract*;Achillea Millefolium Flower Extract*;Aesculus Hippocastanum (Horse Chestnut) Leaf Extract*;Rhodiola Rosea Root Extract*;Vaccinium Myrtillus Fruit Extract*;Equisetum Arvense Leaf Extract*;Avena Sativa (Oat) Kernel Extract**;Calendula Officinalis Flower Extract**;Nepeta Cataria Extract**;Rubus Idaeus (Raspberry) Leaf Extract**;Baptisia Tinctoria Root Extract**;Stellaria Media (Chickweed) Extract**;Alchemilla Vulgaris Leaf Extract+;Viola Tricolor Extract+;Rosa Damascena Flower Extract+;Spiraea Ulmaria Flower Extract+;Althaea Officinalis Root Extract+;Ceramide Np;Phytosphingosine;Cetearyl Olivate;Sucrose Polystearate;Hydrogenated Lecithin;Peg-10 Rapeseed Sterol;Glycereth-20;Cetyl Palmitate;Sorbitan Palmitate;Sorbitan Olivate;Peg-100 Stearate;C12-20 Alkyl Glucoside;Niacinamide;Alanyl Glutamine;Dimethicone;Ammonium Acryloyldimethyltaurate/Vp Copolymer;Carbomer;Xanthan Gum;Mica;Titanium Dioxide;Iron Oxides(Ci 77491);Trisodium Edta;Potassium Hydroxide;Fragrance++;Citronellol;Limonene;Geraniol;Linalool*, *Fragrances Of Natural Origin",0.0,54.0,10523.0,4.7222,1.68,Moisturizers,34.52,8.74,0.51,moisturizer,Medium (7k - 13k)
Moisturizer,YOUTH TO THE PEOPLE,Superberry Hydrate + Glow Oil,44,4.8,"Helianthus Annuus (Sunflower) Seed Oil*, Dicapryl Carbonate, Simmondsia Chineses (Jojoba) Seed Oil*, Opuntia Tuna Extract(Prickly Pear), Euterpe Oleracea Fruit Extract (Acai), Lycium Barbarum (Goji) Extract, Aristotelia Chilensis (Maqui) Fruit Extract, And Moringa Oleifera Leaf Extract , Squalane Olive, Mixed Tocopherols (Vitamin E), Olea Europaea (Olive) Oil*, Linum Usitatissimum (Flaxseed) Oil*, Borago Officinalis (Borage) Oil*, Rosa Canina (Rosehip) Fruit Oil*, Oenothera Biennis (Evening Primrose) Oil*, Punica Granatum (Pomegranate) Seed Oil*, Vaccinium Macrocarpon (Cranberry) Seed Oil*, Natural Fragrance. *Certified Organic.",1,1,1,0,1,superberry_hydrate_glow_oil,youth_to_the_people,moisturizer,youth_to_the_people_superberry_hydrate_glow_oil,1.0,508.0,26645.0,4.7539,1.0,Moisturizers,44.0,0.94,1.91,"Helianthus Annuus (Sunflower) Seed Oil*;Dicapryl Carbonate;Simmondsia Chineses (Jojoba) Seed Oil*;Opuntia Tuna Extract(Prickly Pear);Euterpe Oleracea Fruit Extract (Acai);Lycium Barbarum (Goji) Extract;Aristotelia Chilensis (Maqui) Fruit Extract;And Moringa Oleifera Leaf Extract;Squalane Olive;Mixed Tocopherols (Vitamin E);Olea Europaea (Olive) Oil*;Linum Usitatissimum (Flaxseed) Oil*;Borago Officinalis (Borage) Oil*;Rosa Canina (Rosehip) Fruit Oil*;Oenothera Biennis (Evening Primrose) Oil*;Punica Granatum (Pomegranate) Seed Oil*;Vaccinium Macrocarpon (Cranberry) Seed Oil*;Natural Fragrance, *Certified Organic,",1.0,508.0,26645.0,4.7539,1.0,Moisturizers,44.0,0.94,1.91,moisturizer,Very High (26k - 193k)
Moisturizer,MURAD,Hydro-Dynamic® Ultimate Moisture,75,4.4,"Water, C12-15 Alkyl Benzoate, Caprylic/Capric Triglyceride, Glycerin, Sunflower Seed Oil, Butylene Glycol, Glyceryl Stearate, Glyceryl Behenate/Eiosadioate, Dicaprylyl Carbonate, Shea Butter, Cetearyl Alcohol, Myristyl Myristate, Cetyl Alcohol, Ethoxydiglycol, Phenyl Trimethicone, Stearic Acid, Oat Kernel Extract, Saccharomyces Cerevisiae Extract, Laminaria Digitata Extract, Yeast Amino Acids, Betaine, Inositol, Taurine, Trehalose, Soybean Sterols, Corn Starch, Olive Fruit Oil, Avocado Oil, Sodium Hyaluronate, Dipotassium Glycyrrhizate, Tetrahexyldecyl Ascorbate, Tocopheryl Acetate, Linoleic Acid, Phospholipids, Polysorbate 60, Acrylamide/Sodium Acryloyldimethyltaurate Copolymer, Isohexadecane, Glyceryl Polymethacrylate, Panthenol, Jojoba Alcohol, Potassium Jojobate, Polysorbate 80, Urea, Glucosamine HCI, PEG-8, Bisabolol, Sorbitan Oleate, Cetearyl Methicone, Dimethicone, Palmitoyl Oligopeptide, Retinyl Palmitate, Allantoin, Xanthan Gum, Disodium EDTA, BHT, Ethylhexylglycerin, Chlorphenesin, Phenoxyethanol.",0,0,0,0,0,hydro_dynamic_ultimate_moisture,murad,moisturizer,murad_hydro_dynamic_ultimate_moisture,,,,,,,,,,"C12-15 Alkyl Benzoate;Caprylic/Capric Triglyceride;Glycerin;Sunflower Seed Oil;Butylene Glycol;Glyceryl Stearate;Glyceryl Behenate/Eiosadioate;Dicaprylyl Carbonate;Shea Butter;Cetearyl Alcohol;Myristyl Myristate;Cetyl Alcohol;Ethoxydiglycol;Phenyl Trimethicone;Stearic Acid;Oat Kernel Extract;Saccharomyces Cerevisiae Extract;Laminaria Digitata Extract;Yeast Amino Acids;Betaine;Inositol;Taurine;Trehalose;Soybean Sterols;Corn Starch;Olive Fruit Oil;Avocado Oil;Sodium Hyaluronate;Dipotassium Glycyrrhizate;Tetrahexyldecyl Ascorbate;Tocopheryl Acetate;Linoleic Acid;Phospholipids;Polysorbate 60;Acrylamide/Sodium Acryloyldimethyltaurate Copolymer;Isohexadecane;Glyceryl Polymethacrylate;Panthenol;Jojoba Alcohol;Potassium Jojobate;Polysorbate 80;Urea;Glucosamine HCI;PEG-8;Bisabolol;Sorbitan Oleate;Cetearyl Methicone;Dimethicone;Palmitoyl Oligopeptide;Retinyl Palmitate;Allantoin;Xanthan Gum;Disodium EDTA;BHT;Ethylhexylglycerin;Chlorphenesin;Phenoxyethanol,",0.0,76.0,2952.0,4.1447,0.5,,140.0,5.45,2.57,moisturizer,nan
Moisturizer,IT COSMETICS,Miracle Water 3-in-1 Micellar Cleanser,38,4.5,"Water, Dipropylene Glycol, Peg-6 Caprylic/Capric Glycerides, Propanediol, Glycerin, Butylene Glycol, 1,2-Hexanediol, Ulmus Davidiana Root Extract, Amaranthus Caudatus Seed Extract, Saccharomyces/Rice Ferment Filtrate Extract, Aspergillus/Camellia Sinensis Leaf Extract Ferment Filtrate, Saccharum Officinarum Ferment Extract, Saccharomyces/Rice Ferment Filtrate, Aspergillus/Rice Ferment Extract, Lactobacillus/Pumpkin Ferment Extract, Lactobacillus/Rice Ferment, Monascus/Rice Ferment, Lactobacillus/Kelp Ferment Filtrate, Camellia Sinensis Leaf Extract, Panax Ginseng Root Extract, Cocos Nucifera (Coconut) Fruit Extract, Bacillus/Soybean Ferment Extract, Phenoxyethanol, Hydrogenated Lecithin, Ficus Carica (Fig) Fruit Extract, Centella Asiatica Extract, Ceramide Np, Lactobacillus/Dipteryx Odorata Seed Ferment Filtrate, Leuconostoc/Radish Root Ferment Filtrate, Disodium Edta, Ethylhexylglycerin, Sodium Citrate, Citric Acid, Rosa Damascena Flower Water, Portulaca Oleracea Extract, Soluble Collagen, Sodium Hyaluronate, Xanthan Gum, Pueraria Thunbergiana Root Extract, Cnidium Officinale Root Extract, Aloe Barbadensis Leaf Juice, Paeonia Lactiflora Root Extract, Glycyrrhiza Glabra (Licorice) Root Extract, Propylene Glycol, Chamomilla Recutita (Matricaria) Flower/Leaf Extract, Cholesteryl Oleyl Carbonate, Cholesteryl Chloride, Cholesteryl Dichlorobenzoate, Cholesteryl Nonanoate, Bht, 3-O-Ethyl Ascorbic Acid, Palmitoyl Tetrapeptide-7, Palmitoyl Hexapeptide-12, Aloe Barbadensis Leaf Extract, Camellia Sinensis Leaf Water, Polymethylsilsesquioxane, Diamond Powder, Oryza Sativa (Rice) Extract, Curcuma Longa (Turmeric) Root Extract, Hydrolyzed Collagen, Niacinamide, Pearl Extract, Polysorbate 20, Retinol, Tocopheryl Acetate, Squalane.",1,1,1,1,1,miracle_water_3_in_1_micellar_cleanser,it_cosmetics,moisturizer,it_cosmetics_miracle_water_3_in_1_micellar_cleanser,0.0,160.0,12640.0,4.5062,8.5,Moisturizers,4.47,2.82,1.27,"Dipropylene Glycol;Peg-6 Caprylic/Capric Glycerides;Propanediol;Glycerin;Butylene Glycol;1,2-Hexanediol;Ulmus Davidiana Root Extract;Amaranthus Caudatus Seed Extract;Saccharomyces/Rice Ferment Filtrate Extract;Aspergillus/Camellia Sinensis Leaf Extract Ferment Filtrate;Saccharum Officinarum Ferment Extract;Saccharomyces/Rice Ferment Filtrate;Aspergillus/Rice Ferment Extract;Lactobacillus/Pumpkin Ferment Extract;Lactobacillus/Rice Ferment;Monascus/Rice Ferment;Lactobacillus/Kelp Ferment Filtrate;Camellia Sinensis Leaf Extract;Panax Ginseng Root Extract;Cocos Nucifera (Coconut) Fruit Extract;Bacillus/Soybean Ferment Extract;Phenoxyethanol;Hydrogenated Lecithin;Ficus Carica (Fig) Fruit Extract;Centella Asiatica Extract;Ceramide Np;Lactobacillus/Dipteryx Odorata Seed Ferment Filtrate;Leuconostoc/Radish Root Ferment Filtrate;Disodium Edta;Ethylhexylglycerin;Sodium Citrate;Citric Acid;Rosa Damascena Flower Water;Portulaca Oleracea Extract;Soluble Collagen;Sodium Hyaluronate;Xanthan Gum;Pueraria Thunbergiana Root Extract;Cnidium Officinale Root Extract;Aloe Barbadensis Leaf Juice;Paeonia Lactiflora Root Extract;Glycyrrhiza Glabra (Licorice) Root Extract;Propylene Glycol;Chamomilla Recutita (Matricaria) Flower/Leaf Extract;Cholesteryl Oleyl Carbonate;Cholesteryl Chloride;Cholesteryl Dichlorobenzoate;Cholesteryl Nonanoate;Bht;3-O-Ethyl Ascorbic Acid;Palmitoyl Tetrapeptide-7;Palmitoyl Hexapeptide-12;Aloe Barbadensis Leaf Extract;Camellia Sinensis Leaf Water;Polymethylsilsesquioxane;Diamond Powder;Oryza Sativa (Rice) Extract;Curcuma Longa (Turmeric) Root Extract;Hydrolyzed Collagen;Niacinamide;Pearl Extract;Polysorbate 20;Retinol;Tocopheryl Acetate;Squalane,",0.0,160.0,12640.0,4.5062,8.5,Moisturizers,4.47,2.82,1.27,moisturizer,Medium (7k - 13k)
Moisturizer,TARTE,Drink of H2O Hydrating Boost Moisturizer Rainforest of the Sea™,39,4.4,"Water, Butylene Glycol, Dimethicone, Glycerin, Hydroxyethyl Acrylate/Sodium Acryloyldimethyl Taurate Copolymer, Squalane, Phenoxyethanol, Ammonium Acryloyldimethyltaurate/VP Copolymer, Polysorbate 60, Caprylyl Glycol, Enteromorpha Compressa Extract, Citrus Aurantium Dulcis (Orange) Peel Oil, Disodium EDTA, Propanediol, Sea Salt Extract, Hexylene Glycol, Lavandula Angustifolia (Lavender) Oil, Phospholipids, Stearoyl Inulin, Cocos Nucifera (Coconut) Oil, Hyaluronic Acid, Silanetriol, Limonene, Citric Acid, Sorbic Acid, Sodium Anisate, Sodium Levulinate, Linalool, Potassium Sorbate, Sodium Benzoate, Helianthus Annuus (Sunflower) Seed Oil, Tocopherol, Algae Extract, Gardenia Taitensis Flower Extract, Blue 1 (CI 42090).",1,1,1,1,1,drink_of_h2o_hydrating_boost_moisturizer_rainforest_of_the_sea,tarte,moisturizer,tarte_drink_of_h2o_hydrating_boost_moisturizer_rainforest_of_the_sea,,,,,,,,,,"Butylene Glycol;Dimethicone;Glycerin;Hydroxyethyl Acrylate/Sodium Acryloyldimethyl Taurate Copolymer;Squalane;Phenoxyethanol;Ammonium Acryloyldimethyltaurate/VP Copolymer;Polysorbate 60;Caprylyl Glycol;Enteromorpha Compressa Extract;Citrus Aurantium Dulcis (Orange) Peel Oil;Disodium EDTA;Propanediol;Sea Salt Extract;Hexylene Glycol;Lavandula Angustifolia (Lavender) Oil;Phospholipids;Stearoyl Inulin;Cocos Nucifera (Coconut) Oil;Hyaluronic Acid;Silanetriol;Limonene;Citric Acid;Sorbic Acid;Sodium Anisate;Sodium Levulinate;Linalool;Potassium Sorbate;Sodium Benzoate;Helianthus Annuus (Sunflower) Seed Oil;Tocopherol;Algae Extract;Gardenia Taitensis Flower Extract;Blue 1 (CI 42090),",0.0,1000.0,63150.0,4.3578,1.7,,22.94,0.44,1.58,moisturizer,nan
Moisturizer,SMASHBOX,Photo Finish Primer Water,32,4.1,"Water, Butylene Glycol, Caffeine, Magnesium Chloride, Calcium Chloride, Sodium Sulfate, Potassium Nitrate, Potassium Phosphate, Polysorbate 80, Diamond Powder, Fragrance, Limonene, Linalool, Citral, Phenoxyethanol, Sodium Benzoate",1,1,1,1,1,photo_finish_primer_water,smashbox,moisturizer,smashbox_photo_finish_primer_water,0.0,1000.0,103073.0,4.2083,3.9,Moisturizers,8.21,0.42,0.97,Butylene Glycol;Caffeine;Magnesium Chloride;Calcium Chloride;Sodium Sulfate;Potassium Nitrate;Potassium Phosphate;Polysorbate 80;Diamond Powder;Fragrance;Limonene;Linalool;Citral;Phenoxyethanol;Sodium Benzoate,0.0,1000.0,103073.0,4.2083,3.9,Moisturizers,8.21,0.42,0.97,moisturizer,Very High (26k - 193k)
Moisturizer,FIRST AID BEAUTY,Ultra Repair Hydra-Firm Sleeping Cream,38,4.3,"Water, Glycerin, Caprylic/Capric Triglyceride, Butyrospermum Parkii (Shea) Butter, Dimethicone, Glyceryl Stearate, C10-18 Triglycerides, Ethylhexyl Palmitate, Lactobacillus Ferment, Jojoba Esters, Cetyl Alcohol, Niacinamide, Spilanthes Acmella Flower Extract, Helianthus Annuus (Sunflower) Seed Cera (Wax), Acacia Decurrens Flower Cera (Wax), Algae Extract, Palmitoyl Tripeptide-38, Sodium Hyaluronate, Avena Sativa (Oat) Kernel Flour, Palmitoyl Hexapeptide-12, Palmitoyl Tetrapeptide-7, Camellia Sinensis Leaf Extract, Chrysanthemum Parthenium (Feverfew) Extract, Glycyrrhiza Glabra (Licorice) Root Extract, Hydroxypropyl Cyclodextrin, Sodium Lactate, Butylene Glycol, PEG-75 Stearate, Acrylates/C10-30 Alkyl Acrylate Crosspolymer, Ceteth-20, Steareth-20, Polyglycerin-3, Carbomer, Polysorbate 20, Phenoxyethanol, Xanthan Gum, Tetrasodium EDTA, Sodium Hydroxide.",1,1,1,1,1,ultra_repair_hydra_firm_sleeping_cream,first_aid_beauty,moisturizer,first_aid_beauty_ultra_repair_hydra_firm_sleeping_cream,0.0,427.0,30207.0,4.3068,1.7,Moisturizers,22.35,1.01,1.41,"Glycerin;Caprylic/Capric Triglyceride;Butyrospermum Parkii (Shea) Butter;Dimethicone;Glyceryl Stearate;C10-18 Triglycerides;Ethylhexyl Palmitate;Lactobacillus Ferment;Jojoba Esters;Cetyl Alcohol;Niacinamide;Spilanthes Acmella Flower Extract;Helianthus Annuus (Sunflower) Seed Cera (Wax);Acacia Decurrens Flower Cera (Wax);Algae Extract;Palmitoyl Tripeptide-38;Sodium Hyaluronate;Avena Sativa (Oat) Kernel Flour;Palmitoyl Hexapeptide-12;Palmitoyl Tetrapeptide-7;Camellia Sinensis Leaf Extract;Chrysanthemum Parthenium (Feverfew) Extract;Glycyrrhiza Glabra (Licorice) Root Extract;Hydroxypropyl Cyclodextrin;Sodium Lactate;Butylene Glycol;PEG-75 Stearate;Acrylates/C10-30 Alkyl Acrylate Crosspolymer;Ceteth-20;Steareth-20;Polyglycerin-3;Carbomer;Polysorbate 20;Phenoxyethanol;Xanthan Gum;Tetrasodium EDTA;Sodium Hydroxide,",0.0,427.0,30207.0,4.3068,1.7,Moisturizers,22.35,1.01,1.41,moisturizer,Very High (26k - 193k)
Moisturizer,MURAD,Retinol Youth Renewal Night Cream,82,4.6,"Water, Dimethicone, Glycerin, Butyrospermum Parkii (Shea) Butter, Stearyl Dimethicone, Caprylic/Capric Triglyceride, Arachidyl Alcohol, Octyldodecanol, Cetearyl Alcohol, Squalane, Borago Officinalis Seed Oil, Retinyl Propionate, Retinol, Swertia Chirata Leaf Extract, Urea, Yeast Amino Acids, Trehalose, Inositol, Taurine, Betaine, Glycine Soja (Soybean) Extract, Polymethylsilsesquioxane, Macrocystis Pyrifera (Kelp) Extract, Hydrolyzed Vegetable Protein, PVP, Ahnfeltiopsis Concinna Extract, Isopropyl Palmitate, Lecithin, Cetearyl Olivate, Octadecane, Disteardimonium Hectorite, Propylene Carbonate, Oleyl Alcohol, Dioscorea Villosa (Wild Yam) Root Extract, Glycine Soja (Soybean) Sterols, Hydrolyzed Yeast Extract, Cetyl Hydroxyethylcellulose, Polyglucuronic Acid, Sorbitan Olivate, Behenyl Alcohol, Arachidyl Glucoside, Tocopheryl Acetate, Zinc Gluconate, Sodium Polyacrylate, Dicaprylyl Carbonate, Polyglyceryl-3 Caprate, Xanthan Gum, Disodium EDTA, Sodium Hydroxide, Phenoxyethanol, Caprylyl Glycol, Chlorphenesin, Fragrance, Alpha-Isomethyl Ionone, Citronellol, Yellow 5 (CI 19140), Red 4 (CI 14700).",1,1,1,1,1,retinol_youth_renewal_night_cream,murad,moisturizer,murad_retinol_youth_renewal_night_cream,0.0,186.0,6662.0,4.7258,1.7,Moisturizers,48.24,2.54,2.79,"Dimethicone;Glycerin;Butyrospermum Parkii (Shea) Butter;Stearyl Dimethicone;Caprylic/Capric Triglyceride;Arachidyl Alcohol;Octyldodecanol;Cetearyl Alcohol;Squalane;Borago Officinalis Seed Oil;Retinyl Propionate;Retinol;Swertia Chirata Leaf Extract;Urea;Yeast Amino Acids;Trehalose;Inositol;Taurine;Betaine;Glycine Soja (Soybean) Extract;Polymethylsilsesquioxane;Macrocystis Pyrifera (Kelp) Extract;Hydrolyzed Vegetable Protein;PVP;Ahnfeltiopsis Concinna Extract;Isopropyl Palmitate;Lecithin;Cetearyl Olivate;Octadecane;Disteardimonium Hectorite;Propylene Carbonate;Oleyl Alcohol;Dioscorea Villosa (Wild Yam) Root Extract;Glycine Soja (Soybean) Sterols;Hydrolyzed Yeast Extract;Cetyl Hydroxyethylcellulose;Polyglucuronic Acid;Sorbitan Olivate;Behenyl Alcohol;Arachidyl Glucoside;Tocopheryl Acetate;Zinc Gluconate;Sodium Polyacrylate;Dicaprylyl Carbonate;Polyglyceryl-3 Caprate;Xanthan Gum;Disodium EDTA;Sodium Hydroxide;Phenoxyethanol;Caprylyl Glycol;Chlorphenesin;Fragrance;Alpha-Isomethyl Ionone;Citronellol;Yellow 5 (CI 19140);Red 4 (CI 14700),",0.0,186.0,6662.0,4.7258,1.7,Moisturizers,48.24,2.54,2.79,moisturizer,Low (3k - 7k)
Moisturizer,ESTÉE LAUDER,Nutritious Vitality8™ Radiant Moisture Creme,65,4.0,Visit the Estée Lauder boutique,0,0,0,0,0,nutritious_vitality8_radiant_moisture_creme,estée_lauder,moisturizer,estée_lauder_nutritious_vitality8_radiant_moisture_creme,,,,,,,,,,Visit the Estée Lauder boutique,,,,,,,,,,moisturizer,nan
Moisturizer,TATCHA,The Essence Plumping Skin Softener,95,4.4,"Saccharomyces/Camellia Sinensis Leaf/Cladosiphon Okamuranus/Rice Ferment Filtrate*, Propanediol, Soy Amino Acids, Yeast Extract, Water, Ethylhexylglycerin, Sodium Dilauramidoglutamide Lysine, Phenoxyethanol *Hadasei-3.",1,1,1,1,1,the_essence_plumping_skin_softener,tatcha,moisturizer,tatcha_the_essence_plumping_skin_softener,1.0,1000.0,45534.0,4.5357,5.1,Moisturizers,18.63,0.45,2.2,"Saccharomyces/Camellia Sinensis Leaf/Cladosiphon Okamuranus/Rice Ferment Filtrate*;Propanediol;Soy Amino Acids;Yeast Extract;Ethylhexylglycerin;Sodium Dilauramidoglutamide Lysine;Phenoxyethanol *Hadasei-3,",1.0,1000.0,45534.0,4.5357,5.1,Moisturizers,18.63,0.45,2.2,moisturizer,Very High (26k - 193k)
Moisturizer,GUERLAIN,Midnight Secret Late Night Recovery Treatment,29,4.2,Visit the Guerlain boutique,1,1,1,1,1,midnight_secret_late_night_recovery_treatment,guerlain,moisturizer,guerlain_midnight_secret_late_night_recovery_treatment,0.0,27.0,17527.0,4.1852,0.5,Moisturizers,59.0,15.5,0.15,Visit the Guerlain boutique,0.0,27.0,17527.0,4.1852,0.5,Moisturizers,59.0,15.5,0.15,moisturizer,High (13k - 26k)
Moisturizer,BIOSSANCE,Squalane + Probiotic Gel Moisturizer,52,4.4,"Water, Squalane, Glycerin, Dimethicone, Pentylene Glycol, Ammonium Acryloyldimethyltaurate/VP Copolymer, Lactococcus Ferment Lysate, Caprylic/Capric Triglyceride, Phenoxyethanol, Caprylyl Glycol, Dimethiconol, Chrondrus Crispus Extract, Allantoin, Bisabolol, Glycine Soja (Soybean) Sterols, Linoleic Acid, Phospholipids, Sodium Phytate, Lechithin, Sodium Hydroxide, Sodium Hyaluronate, Lactic Acid, Lepidium Sativum Sprout Extract, Sodium Chloride, Sodium Benzoate, Citric Acid, Zingiber Officinale (Ginger) Root Extract.",1,1,1,1,1,squalane_probiotic_gel_moisturizer,biossance,moisturizer,biossance_squalane_probiotic_gel_moisturizer,1.0,328.0,16755.0,4.3841,,Moisturizers,,1.34,1.96,"Squalane;Glycerin;Dimethicone;Pentylene Glycol;Ammonium Acryloyldimethyltaurate/VP Copolymer;Lactococcus Ferment Lysate;Caprylic/Capric Triglyceride;Phenoxyethanol;Caprylyl Glycol;Dimethiconol;Chrondrus Crispus Extract;Allantoin;Bisabolol;Glycine Soja (Soybean) Sterols;Linoleic Acid;Phospholipids;Sodium Phytate;Lechithin;Sodium Hydroxide;Sodium Hyaluronate;Lactic Acid;Lepidium Sativum Sprout Extract;Sodium Chloride;Sodium Benzoate;Citric Acid;Zingiber Officinale (Ginger) Root Extract,",1.0,328.0,16755.0,4.3841,,Moisturizers,,1.34,1.96,moisturizer,High (13k - 26k)
Moisturizer,DIOR,Capture Dreamskin Fresh & Perfect Cushion Broad Spectrum SPF 50,82,4.2,-Moisturizing Agent: Plumps the skin. -Biomimetic Mica and Soft-Focus Optical Effect Powders: Blur imperfections. -Boosted Longoza: Restores density and radiance. -Opilia: Reduces the appearance of pores and imperfections.,0,0,0,0,0,capture_dreamskin_fresh_perfect_cushion_broad_spectrum_spf_50,dior,moisturizer,dior_capture_dreamskin_fresh_perfect_cushion_broad_spectrum_spf_50,0.0,102.0,5932.0,4.3235,0.5,Moisturizers,164.0,4.24,1.72,"-Moisturizing Agent: Plumps the skin, -Biomimetic Mica and Soft-Focus Optical Effect Powders: Blur imperfections, -Boosted Longoza: Restores density and radiance, -Opilia: Reduces the appearance of pores and imperfections,",0.0,102.0,5932.0,4.3235,0.5,Moisturizers,164.0,4.24,1.72,moisturizer,Low (3k - 7k)
Moisturizer,SMASHBOX,Photo Finish Primerizer,42,4.1,"Water, Glycerin, Dimethicone, Isopropyl Isostearate, Ppg-15 Stearyl Ether, Niacinamide, Hydroxyethyl Urea, Sodium Polyaspartate, Sodium Hyaluronate, Algae Extract, Caffeine, Trehalose, Sorbitol, Decyl Glucoside, Xanthan Gum, 1,2-Hexanediol, Propanediol, Sodium Hydroxide, Acrylates/C10-30 Alkyl Acrylate Crosspolymer, Caprylyl Glycol, Butylene Glycol, Phenoxyethanol",1,1,1,1,0,photo_finish_primerizer,smashbox,moisturizer,smashbox_photo_finish_primerizer,0.0,624.0,26515.0,4.2324,1.0,Moisturizers,42.0,0.68,2.35,"Glycerin;Dimethicone;Isopropyl Isostearate;Ppg-15 Stearyl Ether;Niacinamide;Hydroxyethyl Urea;Sodium Polyaspartate;Sodium Hyaluronate;Algae Extract;Caffeine;Trehalose;Sorbitol;Decyl Glucoside;Xanthan Gum;1,2-Hexanediol;Propanediol;Sodium Hydroxide;Acrylates/C10-30 Alkyl Acrylate Crosspolymer;Caprylyl Glycol;Butylene Glycol;Phenoxyethanol",0.0,624.0,26515.0,4.2324,1.0,Moisturizers,42.0,0.68,2.35,moisturizer,Very High (26k - 193k)
Moisturizer,ORIGINS,A Perfect World™ SPF 40 Age-Defense Moisturizer with White Tea,45,3.5,"Avobenzone 3.0%, Homosalate 8.0%, Octinoxate 7.5%, Octisalate 4.5%, Octocrylene 5.0%Water, Butylene Glycol, Glycerin, Ammonium Acryloyldimethyltaurate/Vp Copolymer, Polyethylene, Citrus Aurantium Bergamia (Bergamot) Fruit Oil*, Citrus Limon (Lemon) Peel Oil*, Citrus Aurantium Dulcis (Orange) Oil*, Cinnamomum Camphora (Camphor) Bark Oil*, Mentha Viridis (Spearmint) Leaf Oil*, Magnolia Acuminata Flower Extract, Iris Pallida Root Extract, Rosa Damascena Extract, Citral, Linalool, Limonene, Cetyl Alcohol, Glyceryl Stearate, Peg-100 Stearate, Peg-6, Vaccinium Angustifolium (Blueberry) Fruit Extract, Vaccinium Macrocarpon (Cranberry) Fruit Extract, Solanum Tuberosum (Potato) Pulp Extract, Lycium Chinense (Wolfberry) Fruit Extract, Eriobotrya Japonica (Loquat) Leaf Extract, Passiflora Incarnata Flower Extract, Leontopodium Alpinum Extract, Betula Alba (Birch) Bark Extract, Camellia Sinensis (White Tea) Leaf Extract, Boswellia Serrata Extract, Sigesbeckia Orientalis (St. Paul'S Wort) Extract, Thermus Thermophillus Ferment, Hordeum Vulgare (Barley) Extract/Extrait D'Orge, Triticum Vulgare (Wheat) Germ Extract, Saccharomyces Lysate Extract, Lythrum Salicaria Extract, Yeast Extract/Faex/Extrait De Levure, Algae Extract, Oryzanol, Squalane, Ethylhexylglycerin, Trehalose, Steareth-21, Ergothioneine, Sodium Hyaluronate, Vp/Eicosene Copolymer, Nylon-12, Caprylyl Glycol, Sodium Pca, Sodium Dehydroacetate, Tocopheryl Acetate, Urea, Ascorbyl Tocopheryl Maleate, Citric Acid, Polyquaternium-51, Hexylene Glycol, Lecithin, Sodium Phytate, Bht, Mica, Phenoxyethanol * Essential Oil Please be aware that ingredient lists may change or vary from time to time.� Please refer to the ingredient list on the product package you receive for the most up to date list of ingredients.",1,1,1,1,1,a_perfect_world_spf_40_age_defense_moisturizer_with_white_tea,origins,moisturizer,origins_a_perfect_world_spf_40_age_defense_moisturizer_with_white_tea,,,,,,,,,,"Avobenzone 3,0%;Homosalate 8,0%;Octinoxate 7,5%;Octisalate 4,5%;Octocrylene 5,0%Water;Butylene Glycol;Glycerin;Ammonium Acryloyldimethyltaurate/Vp Copolymer;Polyethylene;Citrus Aurantium Bergamia (Bergamot) Fruit Oil*;Citrus Limon (Lemon) Peel Oil*;Citrus Aurantium Dulcis (Orange) Oil*;Cinnamomum Camphora (Camphor) Bark Oil*;Mentha Viridis (Spearmint) Leaf Oil*;Magnolia Acuminata Flower Extract;Iris Pallida Root Extract;Rosa Damascena Extract;Citral;Linalool;Limonene;Cetyl Alcohol;Glyceryl Stearate;Peg-100 Stearate;Peg-6;Vaccinium Angustifolium (Blueberry) Fruit Extract;Vaccinium Macrocarpon (Cranberry) Fruit Extract;Solanum Tuberosum (Potato) Pulp Extract;Lycium Chinense (Wolfberry) Fruit Extract;Eriobotrya Japonica (Loquat) Leaf Extract;Passiflora Incarnata Flower Extract;Leontopodium Alpinum Extract;Betula Alba (Birch) Bark Extract;Camellia Sinensis (White Tea) Leaf Extract;Boswellia Serrata Extract;Sigesbeckia Orientalis (St, Paul'S Wort) Extract;Thermus Thermophillus Ferment;Hordeum Vulgare (Barley) Extract/Extrait D'Orge;Triticum Vulgare (Wheat) Germ Extract;Saccharomyces Lysate Extract;Lythrum Salicaria Extract;Yeast Extract/Faex/Extrait De Levure;Algae Extract;Oryzanol;Squalane;Ethylhexylglycerin;Trehalose;Steareth-21;Ergothioneine;Sodium Hyaluronate;Vp/Eicosene Copolymer;Nylon-12;Caprylyl Glycol;Sodium Pca;Sodium Dehydroacetate;Tocopheryl Acetate;Urea;Ascorbyl Tocopheryl Maleate;Citric Acid;Polyquaternium-51;Hexylene Glycol;Lecithin;Sodium Phytate;Bht;Mica;Phenoxyethanol * Essential Oil Please be aware that ingredient lists may change or vary from time to time,� Please refer to the ingredient list on the product package you receive for the most up to date list of ingredients,",1.0,44.0,4205.0,3.9318,0.5,,82.0,8.94,1.05,moisturizer,nan
Moisturizer,KORA ORGANICS,Noni Glow Face Oil,68,4.3,"Rosa Canina Fruit Oil*, Simmondsia Chinensis (Jojoba) Seed Oil*, Helianthus Annuus (Sunﬂower) Seed Oil*, Tocopherol, Caprylic/capric Triglyceride, Morinda Citrifolia (Noni) Fruit Extract*, Vitis Vinifera (Grape) Fruit Extract, Lavandula Angustifolia (Lavender) Flower/leaf/stem Extract, Jasminum Ofﬁcinale (Jasmine) Flower/leaf Extract, Eugenia Caryophyllus (Clove) Flower Extract, Rosa Damascena Flower Oil*, Punica Granatum Seed Oil*, Hippophae Rhamnoides (Sea Buckthorn) Seed Oil*, Geraniol**, Citronellol**, Farnesol** Citral**.",1,1,1,1,1,noni_glow_face_oil,kora_organics,moisturizer,kora_organics_noni_glow_face_oil,1.0,366.0,23502.0,4.3224,1.01,Moisturizers,67.33,1.18,1.56,"Rosa Canina Fruit Oil*;Simmondsia Chinensis (Jojoba) Seed Oil*;Helianthus Annuus (Sunﬂower) Seed Oil*;Tocopherol;Caprylic/capric Triglyceride;Morinda Citrifolia (Noni) Fruit Extract*;Vitis Vinifera (Grape) Fruit Extract;Lavandula Angustifolia (Lavender) Flower/leaf/stem Extract;Jasminum Ofﬁcinale (Jasmine) Flower/leaf Extract;Eugenia Caryophyllus (Clove) Flower Extract;Rosa Damascena Flower Oil*;Punica Granatum Seed Oil*;Hippophae Rhamnoides (Sea Buckthorn) Seed Oil*;Geraniol**;Citronellol**;Farnesol** Citral**,",1.0,366.0,23502.0,4.3224,1.01,Moisturizers,67.33,1.18,1.56,moisturizer,High (13k - 26k)
Moisturizer,LANEIGE,Water Bank Hydrating Gel,35,4.6,"Water, Butylene Glycol, Cyclopentasiloxane, Glycerin, Alcohol, Cyclohexasiloxane, Dimethicone, Chenopodium Quinoa Seed Extract, Magnesium Sulfate, Zinc Sulfate, Manganese Sulfate, Calcium Chloride, Ascorbyl Glucoside, Chamaecyparis Obtusa Water, Sodium Hyaluronate, Ceramide 3, Acetyl Glucosamine, Copper Tripeptide-1, Niacinamide, Tocopherol, Limnanthes Alba (Meadowfoam) Seed Oil, Glyceryl Stearate, Dicaprylyl Carbonate, Cyclomethicone, Cetearyl Alcohol, Cetyl Ethylhexanoate, Stearic Acid, Ammonium Acryloyldimethyltaurate, VP Copolymer, Ethylhexylglycerin, Trisiloxane, Palmitic Acid, Phenyl Methicone, Potassium Cetyl Phosphate, Polyglyceryl-10 Stearate, Polyglyceryl-3 Methylglucose Distearate, Polysorbate 20, Polysilicone-11, Polyacrylate-13, Polyethylene, Polyisobutene, Propylene Glycol, PEG-100 Stearate, PEG-5 Rapeseed Sterol, PEG, PPG-20, 15 Dimethicone, Phytosphingosine, Hydrogenated Lecithin, Hydrogenated Polyisobutene, Hydroxyethyl Acrylate, Sodium Acryloyldimethyl Taurate Copolymer, Disodium EDTA, Phenoxyethanol, Fragrance.",1,0,1,1,1,water_bank_hydrating_gel,laneige,moisturizer,laneige_water_bank_hydrating_gel,0.0,199.0,13820.0,4.5327,1.6,Moisturizers,21.88,2.28,1.44,"Butylene Glycol;Cyclopentasiloxane;Glycerin;Alcohol;Cyclohexasiloxane;Dimethicone;Chenopodium Quinoa Seed Extract;Magnesium Sulfate;Zinc Sulfate;Manganese Sulfate;Calcium Chloride;Ascorbyl Glucoside;Chamaecyparis Obtusa Water;Sodium Hyaluronate;Ceramide 3;Acetyl Glucosamine;Copper Tripeptide-1;Niacinamide;Tocopherol;Limnanthes Alba (Meadowfoam) Seed Oil;Glyceryl Stearate;Dicaprylyl Carbonate;Cyclomethicone;Cetearyl Alcohol;Cetyl Ethylhexanoate;Stearic Acid;Ammonium Acryloyldimethyltaurate;VP Copolymer;Ethylhexylglycerin;Trisiloxane;Palmitic Acid;Phenyl Methicone;Potassium Cetyl Phosphate;Polyglyceryl-10 Stearate;Polyglyceryl-3 Methylglucose Distearate;Polysorbate 20;Polysilicone-11;Polyacrylate-13;Polyethylene;Polyisobutene;Propylene Glycol;PEG-100 Stearate;PEG-5 Rapeseed Sterol;PEG;PPG-20;15 Dimethicone;Phytosphingosine;Hydrogenated Lecithin;Hydrogenated Polyisobutene;Hydroxyethyl Acrylate;Sodium Acryloyldimethyl Taurate Copolymer;Disodium EDTA;Phenoxyethanol;Fragrance,",0.0,199.0,13820.0,4.5327,1.6,Moisturizers,21.88,2.28,1.44,moisturizer,High (13k - 26k)
Moisturizer,SK-II,GenOptics Spot Essence Serum,225,4.2,"Water, Galactomyces Ferment Filtrate*, Butylene Glycol, Cyclopentasiloxane, Niacinamide, Triethylhexanoin, Glycerin, Pentylene Glycol, Nylon-12, Phytosteryl/Octyldodecyl Lauroyl Glutamate, Inositol, Polymethylsilsesquioxane, Boron Nitride, Caprylic/Capric Triglyceride, Panthenol, Peg-20 Sorbitan Cocoate, Dimethicone/Vinyl Dimethicone Crosspolymer, Acrylates/C10-30 Alkyl Acrylate Crosspolymer, Phenoxyethanol, Peg-11 Methyl Ether Dimethicone, Polyacrylamide, Laureth-7, Benzyl Alcohol, Aminomethyl Propanol, C13-14 Isoparaffin, Disodium Edta, Methylparaben, Hexyldecanol, Sodium Benzoate, Xanthan Gum, Ascorbyl Glucoside, Laminaria Saccharina Extract, Tocopherol, Zea Mays Oil/Zea Mays (Corn) Oil, Methicone, Ci 77492 (Iron Oxides), Ci 75130 (Beta-Carotene). *Pitera™.",1,1,1,1,1,genoptics_spot_essence_serum,sk_ii,moisturizer,sk_ii_genoptics_spot_essence_serum,0.0,95.0,3070.0,4.1895,1.6,Moisturizers,140.62,4.41,3.09,"Galactomyces Ferment Filtrate*;Butylene Glycol;Cyclopentasiloxane;Niacinamide;Triethylhexanoin;Glycerin;Pentylene Glycol;Nylon-12;Phytosteryl/Octyldodecyl Lauroyl Glutamate;Inositol;Polymethylsilsesquioxane;Boron Nitride;Caprylic/Capric Triglyceride;Panthenol;Peg-20 Sorbitan Cocoate;Dimethicone/Vinyl Dimethicone Crosspolymer;Acrylates/C10-30 Alkyl Acrylate Crosspolymer;Phenoxyethanol;Peg-11 Methyl Ether Dimethicone;Polyacrylamide;Laureth-7;Benzyl Alcohol;Aminomethyl Propanol;C13-14 Isoparaffin;Disodium Edta;Methylparaben;Hexyldecanol;Sodium Benzoate;Xanthan Gum;Ascorbyl Glucoside;Laminaria Saccharina Extract;Tocopherol;Zea Mays Oil/Zea Mays (Corn) Oil;Methicone;Ci 77492 (Iron Oxides);Ci 75130 (Beta-Carotene), *Pitera™,",0.0,95.0,3070.0,4.1895,1.6,Moisturizers,140.62,4.41,3.09,moisturizer,Very Low (0 - 3k)
Moisturizer,DR. DENNIS GROSS SKINCARE,Ferulic + Retinol Anti-Aging Moisturizer,75,4.1,"Water, Dimethicone, Cyclopentasiloxane, Isododecane, Dimethiconol, Cyclohexasiloxane, Cyclotetrasiloxane, Butylene Glycol, Caprylic/Capric Triglyceride, Stearyl Dimethicone, Sodium Acrylate/Sodium Acryloyldimethyl Taurate Copolymer, Potassium Cetyl Phosphate, Octadecene, Cetearyl Alcohol, Polymethyl Methacrylate, Isohexadecane, Collagen Amino Acids, Ferulic Acid, Gallic Acid, Ellagic Acid, Arnica Montana Flower Extract, Centella Asiatica Extract, Retinol, Glycyrrhiza Glabra (Licorice) Root Extract, Tocopherol, Morus Alba Leaf Extract, Sodium Hyaluronate, Arctostaphylos Uva Ursi Leaf Extract, Glycolic Acid, Lactic Acid, Hydrolyzed Soy Protein, Glycine Soja (Soybean) Oil, Adenosine, Saccharide Isomerate, Salix Alba (Willow) Bark Extract, Tetrapeptide-21, Caprylyl Glycol, Glycerin, Glyceryl Behenate, Acrylates/Carbamate Copolymer, Leuconostoc/Radish Root Ferment Filtrate, Helianthus Annuus (Sunflower) Seed Oil, Tetrahydropiperine, BHT, Benzophenone-3, Glyceryl Stearate SE, Citric Acid, Bis-Vinyl Dimethicone/Dimethicone Copolymer, Dimethicone Crosspolymer-3, Cyclodextrin, Sodium Citrate, Tetrasodium EDTA, Ascorbyl Palmitate, Hexylene Glycol, Polysorbate 80, Behenic Acid, Citrus Aurantium Bergamia (Bergamot) Fruit Extract, Citrus Limon (Lemon) Peel Extract, Lavandula Angustifolia (Lavender) Flower/Leaf/Stem Extract, Citral, Limonene, Linalool, Phenoxyethanol, Potassium Sorbate, Sodium Benzoate, Annatto (CI 75120).",1,1,1,1,1,ferulic_retinol_anti_aging_moisturizer,dr._dennis_gross_skincare,moisturizer,dr._dennis_gross_skincare_ferulic_retinol_anti_aging_moisturizer,0.0,122.0,9519.0,4.1721,1.7,Moisturizers,44.12,3.42,1.28,"Dimethicone;Cyclopentasiloxane;Isododecane;Dimethiconol;Cyclohexasiloxane;Cyclotetrasiloxane;Butylene Glycol;Caprylic/Capric Triglyceride;Stearyl Dimethicone;Sodium Acrylate/Sodium Acryloyldimethyl Taurate Copolymer;Potassium Cetyl Phosphate;Octadecene;Cetearyl Alcohol;Polymethyl Methacrylate;Isohexadecane;Collagen Amino Acids;Ferulic Acid;Gallic Acid;Ellagic Acid;Arnica Montana Flower Extract;Centella Asiatica Extract;Retinol;Glycyrrhiza Glabra (Licorice) Root Extract;Tocopherol;Morus Alba Leaf Extract;Sodium Hyaluronate;Arctostaphylos Uva Ursi Leaf Extract;Glycolic Acid;Lactic Acid;Hydrolyzed Soy Protein;Glycine Soja (Soybean) Oil;Adenosine;Saccharide Isomerate;Salix Alba (Willow) Bark Extract;Tetrapeptide-21;Caprylyl Glycol;Glycerin;Glyceryl Behenate;Acrylates/Carbamate Copolymer;Leuconostoc/Radish Root Ferment Filtrate;Helianthus Annuus (Sunflower) Seed Oil;Tetrahydropiperine;BHT;Benzophenone-3;Glyceryl Stearate SE;Citric Acid;Bis-Vinyl Dimethicone/Dimethicone Copolymer;Dimethicone Crosspolymer-3;Cyclodextrin;Sodium Citrate;Tetrasodium EDTA;Ascorbyl Palmitate;Hexylene Glycol;Polysorbate 80;Behenic Acid;Citrus Aurantium Bergamia (Bergamot) Fruit Extract;Citrus Limon (Lemon) Peel Extract;Lavandula Angustifolia (Lavender) Flower/Leaf/Stem Extract;Citral;Limonene;Linalool;Phenoxyethanol;Potassium Sorbate;Sodium Benzoate;Annatto (CI 75120),",0.0,122.0,9519.0,4.1721,1.7,Moisturizers,44.12,3.42,1.28,moisturizer,Medium (7k - 13k)
Moisturizer,REN CLEAN SKINCARE,Evercalm™ Overnight Recovery Balm,48,4.9,"Coco-Caprylate/Caprate, Glycerin, Water, Almond/Borage/Linseed/Olive Acids/Glycerides, Polyglyceryl-6 Distearate, Jojoba Esters, Oryza Sativa Starch, Cetyl Alcohol, Glyceryl Stearate, Helianthus Annuus (Sunflower) Seed Oil Unsaponifiables, Glyceryl Caprylate, Polyglyceryl-3 Beeswax, Sodium Stearoyl Glutamate, Benzyl Alcohol, Parfum (Fragrance), Hippophae Rhamnoides Oil, Tocopherol, Magnesium Carboxymethyl Beta-Glucan, Dehydroacetic Acid, Eclipta Prostrata Extract, Eclipta Prostrata Leaf Extract, Moringa Oleifera Seed Oil, Helianthus Annuus (Sunflower) Seed Oil, Rosmarinus Officinalis Leaf Extract, Citronellol, Geraniol, Limonene, Linalool. *100% Natural Fragrance.",1,1,1,1,1,evercalm_overnight_recovery_balm,ren_clean_skincare,moisturizer,ren_clean_skincare_evercalm_overnight_recovery_balm,,,,,,,,,,"Coco-Caprylate/Caprate;Glycerin;Almond/Borage/Linseed/Olive Acids/Glycerides;Polyglyceryl-6 Distearate;Jojoba Esters;Oryza Sativa Starch;Cetyl Alcohol;Glyceryl Stearate;Helianthus Annuus (Sunflower) Seed Oil Unsaponifiables;Glyceryl Caprylate;Polyglyceryl-3 Beeswax;Sodium Stearoyl Glutamate;Benzyl Alcohol;Parfum (Fragrance);Hippophae Rhamnoides Oil;Tocopherol;Magnesium Carboxymethyl Beta-Glucan;Dehydroacetic Acid;Eclipta Prostrata Extract;Eclipta Prostrata Leaf Extract;Moringa Oleifera Seed Oil;Helianthus Annuus (Sunflower) Seed Oil;Rosmarinus Officinalis Leaf Extract;Citronellol;Geraniol;Limonene;Linalool, *100% Natural Fragrance,",1.0,130.0,14035.0,4.5615,1.02,,47.06,3.51,0.93,moisturizer,nan
Moisturizer,MURAD,Oil-Control Mattifier SPF 15 PA++,40,4.2,"Water, Cyclopentasiloxane, Bis-PEG/PPG-14/14 Dimethicone, Dimethicone Crosspolymer, Corn Starch Modified, Butylene Glycol, Chitosan , Ascorbic Acid, Polyglyceryl-3 Polydimethylsiloxyethyl Dimethicone, Triethoxysilylethyl Polydimethylsiloxyethyl Hexyl Dimethicone, Farnesyl Acetate, Panthenyl Triacetate, Argania Spinosa Kernel Extract, Serenoa Serrulata Fruit Extract, Sesamum Indicum (Sesame) Seed Extract, Punica Granatum Seed Oil, Sodium PCA, Betaine, Sorbitol, Glycine, Alanine, Proline, Serine, Threonine, Arginine, Lysine, Glutamic Acid, Capryloyl Glycine, Sarcosine, Cinnamomum Zeylanicum Bark Extract, Aluminum Starch Octenylsuccinate, Acrylates Copolymer, Magnesium Carbonate, Melaleuca Alternifolia (Tea Tree) Leaf Oil, Tocopheryl Acetate, Lauryl Methacrylate/Glycol Dimethacrylate Crosspolymer, Dicaprylyl Ether, Niacinamide, Yeast Extract (Faex), Aesculus Hippocastanum (Horse Chestnut) Seed Extract, Titanium Dioxide, Algae Extract, Ammonium Glycyrrhizate, Panthenol, Zinc Gluconate, Caffeine, Xanthan Gum, Acrylates Crosspolymer, Polyglyceryl-2 Dipolyhydroxystearate, Biotin, Salix Alba (Willow) Bark Extract, Aminomethyl Propanol, Disodium EDTA, Sodium Chloride, Propyl Gallate, Phenoxyethanol, Chlorphenesin.",1,0,0,1,0,oil_control_mattifier_spf_15_pa,murad,moisturizer,murad_oil_control_mattifier_spf_15_pa,0.0,2000.0,32886.0,4.1703,1.7,Moisturizers,23.53,0.21,6.08,"Cyclopentasiloxane;Bis-PEG/PPG-14/14 Dimethicone;Dimethicone Crosspolymer;Corn Starch Modified;Butylene Glycol;Chitosan;Ascorbic Acid;Polyglyceryl-3 Polydimethylsiloxyethyl Dimethicone;Triethoxysilylethyl Polydimethylsiloxyethyl Hexyl Dimethicone;Farnesyl Acetate;Panthenyl Triacetate;Argania Spinosa Kernel Extract;Serenoa Serrulata Fruit Extract;Sesamum Indicum (Sesame) Seed Extract;Punica Granatum Seed Oil;Sodium PCA;Betaine;Sorbitol;Glycine;Alanine;Proline;Serine;Threonine;Arginine;Lysine;Glutamic Acid;Capryloyl Glycine;Sarcosine;Cinnamomum Zeylanicum Bark Extract;Aluminum Starch Octenylsuccinate;Acrylates Copolymer;Magnesium Carbonate;Melaleuca Alternifolia (Tea Tree) Leaf Oil;Tocopheryl Acetate;Lauryl Methacrylate/Glycol Dimethacrylate Crosspolymer;Dicaprylyl Ether;Niacinamide;Yeast Extract (Faex);Aesculus Hippocastanum (Horse Chestnut) Seed Extract;Titanium Dioxide;Algae Extract;Ammonium Glycyrrhizate;Panthenol;Zinc Gluconate;Caffeine;Xanthan Gum;Acrylates Crosspolymer;Polyglyceryl-2 Dipolyhydroxystearate;Biotin;Salix Alba (Willow) Bark Extract;Aminomethyl Propanol;Disodium EDTA;Sodium Chloride;Propyl Gallate;Phenoxyethanol;Chlorphenesin,",0.0,2000.0,32886.0,4.1703,1.7,Moisturizers,23.53,0.21,6.08,moisturizer,Very High (26k - 193k)
Moisturizer,OLEHENRIKSEN,Counter Balance™ Oil Control Hydrator,34,4.3,"Water, Butylene Glycol, Glycerin, Caprylic/Capric Triglyceride, Dimethicone, Acrylates/C10-30 Alykyl Acrylate Crosspolymer, Methyl Methacrylate Crosspolymer, Sodium Hydroxide, Polysorbate 20, Linoleic Acid, Phenoxyethanol, Glycolic Acid, Lactic Acid, Melia Azadirachta Seed Oil, Avena Sativa (Oat) Kernel Flour, Methyl Gluceth-20, Caprylyl Glycol, Linolenic Acid, Salicylic Acid, Mentha Piperita (Peppermint) Oil, Enantia Chlorantha Bark Extract, Macrocystis Pyrifera (Kelp) Extract, Eucalyptus Globulus Leaf Extract, Chondrus Crispus (Carrageenan) Extract, Camellia Sinensis Leaf Extract, Tocopheryl Acetate, Hexylene Glycol, Ethylhexylglycerin, Dimethicone Crosspolymer, Bisabolol, Allantoin, Phytic Acid, Fragrance, Saccarhide Isomerate, Rosa Canina Fruit Extract, Tocopherol, Sodium Hyaluronate, Oleanolic Acid, Limonene.",1,0,0,1,0,counter_balance_oil_control_hydrator,olehenriksen,moisturizer,olehenriksen_counter_balance_oil_control_hydrator,,,,,,,,,,"Butylene Glycol;Glycerin;Caprylic/Capric Triglyceride;Dimethicone;Acrylates/C10-30 Alykyl Acrylate Crosspolymer;Methyl Methacrylate Crosspolymer;Sodium Hydroxide;Polysorbate 20;Linoleic Acid;Phenoxyethanol;Glycolic Acid;Lactic Acid;Melia Azadirachta Seed Oil;Avena Sativa (Oat) Kernel Flour;Methyl Gluceth-20;Caprylyl Glycol;Linolenic Acid;Salicylic Acid;Mentha Piperita (Peppermint) Oil;Enantia Chlorantha Bark Extract;Macrocystis Pyrifera (Kelp) Extract;Eucalyptus Globulus Leaf Extract;Chondrus Crispus (Carrageenan) Extract;Camellia Sinensis Leaf Extract;Tocopheryl Acetate;Hexylene Glycol;Ethylhexylglycerin;Dimethicone Crosspolymer;Bisabolol;Allantoin;Phytic Acid;Fragrance;Saccarhide Isomerate;Rosa Canina Fruit Extract;Tocopherol;Sodium Hyaluronate;Oleanolic Acid;Limonene,",0.0,931.0,31646.0,4.2825,1.7,,21.18,0.46,2.94,moisturizer,nan
Moisturizer,DIOR,Capture Totale Dreamskin Advanced,115,4.3,Visit the Dior boutique,1,1,1,1,1,capture_totale_dreamskin_advanced,dior,moisturizer,dior_capture_totale_dreamskin_advanced,0.0,127.0,11808.0,4.1654,1.0,Moisturizers,115.0,3.28,1.08,Visit the Dior boutique,0.0,127.0,11808.0,4.1654,1.0,Moisturizers,115.0,3.28,1.08,moisturizer,Medium (7k - 13k)
Moisturizer,KIEHL'S SINCE 1851,Ultra Facial Oil-Free Gel-Cream,29,4.1,"Water, Glycerin, Alcohol Denat., Dimethicone, Isononyl Isononanoate, Carbomer, Imperata Cylindrica Root Extract, Dimethiconol, Caprylyl Glycol, Chlorphenesin, Sodium Hydroxide, Xanthan Gum, Pseudoalteromonas Ferment Extract, Tetrasodium Edta, Tocopheryl Acetate, Menthoxypropanediol, Phenoxyethanol, Biosaccharide Gum-1, Acrylates/C10-30 Alkyl Acrylate Crosspolymer.",1,0,1,0,0,ultra_facial_oil_free_gel_cream,kiehl's_since_1851,moisturizer,kiehl's_since_1851_ultra_facial_oil_free_gel_cream,0.0,49.0,6576.0,4.1224,1.7,Moisturizers,17.65,8.41,0.75,"Glycerin;Alcohol Denat,;Dimethicone;Isononyl Isononanoate;Carbomer;Imperata Cylindrica Root Extract;Dimethiconol;Caprylyl Glycol;Chlorphenesin;Sodium Hydroxide;Xanthan Gum;Pseudoalteromonas Ferment Extract;Tetrasodium Edta;Tocopheryl Acetate;Menthoxypropanediol;Phenoxyethanol;Biosaccharide Gum-1;Acrylates/C10-30 Alkyl Acrylate Crosspolymer,",0.0,49.0,6576.0,4.1224,1.7,Moisturizers,17.65,8.41,0.75,moisturizer,Low (3k - 7k)
Moisturizer,FIRST AID BEAUTY,Ultra Repair® Hydrating Serum,36,4.2,"Water, Glycerin, Soluble Collagen, Methyl Gluceth-20, Colloidal Oatmeal, Palmitoyl Tripeptide-5, Chrysanthemum Parthenium (Feverfew) Extract, Camellia Sinensis Leaf Extract, Glycyrrhiza Glabra (Licorice) Root Extract, Acrylates/C10-30 Alkyl Acrylate Crosspolymer, Caprylyl Glycol, Hydroxyethyl cellulose, Allantoin, Panthenol, Hyaluronic Acid, Sodium PCA, Aloe Barbadensis Leaf Juice, Leuconostoc/Radish Root Ferment Filtrate, Maltodextrin, Phenoxyethanol, Sodium Hydroxide, Sodium Nitrate, Disodium Phosphate, Polysorbate 60, Sodium Phosphate, EDTA, Glyoxal.",1,1,1,1,1,ultra_repair_hydrating_serum,first_aid_beauty,moisturizer,first_aid_beauty_ultra_repair_hydrating_serum,0.0,523.0,33249.0,4.2294,1.7,Moisturizers,22.35,0.81,1.57,"Glycerin;Soluble Collagen;Methyl Gluceth-20;Colloidal Oatmeal;Palmitoyl Tripeptide-5;Chrysanthemum Parthenium (Feverfew) Extract;Camellia Sinensis Leaf Extract;Glycyrrhiza Glabra (Licorice) Root Extract;Acrylates/C10-30 Alkyl Acrylate Crosspolymer;Caprylyl Glycol;Hydroxyethyl cellulose;Allantoin;Panthenol;Hyaluronic Acid;Sodium PCA;Aloe Barbadensis Leaf Juice;Leuconostoc/Radish Root Ferment Filtrate;Maltodextrin;Phenoxyethanol;Sodium Hydroxide;Sodium Nitrate;Disodium Phosphate;Polysorbate 60;Sodium Phosphate;EDTA;Glyoxal,",0.0,523.0,33249.0,4.2294,1.7,Moisturizers,22.35,0.81,1.57,moisturizer,Very High (26k - 193k)
Moisturizer,ORIGINS,Dr. Andrew Weil For Origins™ Mega-Bright SPF 30 Skin Tone Correcting Oil-Free Moisturizer,56,4.1,"Water, Butyloctyl Salicylate, Behenyl Alcohol, Nylon-12, Octyldodecyl Neopentanoate, Butylene Glycol, Dimethicone, Myristyl Myristate, Cetyl Esters, Ascorbyl Glucoside, Polyethylene, Ammonium Acryloyldimethyltaurate/Vp Copolymer, Citrus Aurantium Dulcis (Orange) Peel Oil*, Pelargonium Graveolens Flower Oil*, Cananga Odorata Flower Oil*, Eugenia Caryophyllus (Clove) Bud Oil*, Rosa Damascena Flower Oil*, Jasminum Officinale (Jasmine) Oil*, Viola Odorata Flower/Leaf Extract, Polianthes Tuberosa Extract, Farnesol, Eugenol, Benzyl Salicylate, Citronellol, Citral, Benzyl Benzoate, Geraniol, Rosa Roxburghii Fruit Extract, Paeonia Albiflora (Peony) Root Extract, Molasses Extract\Saccharum Officinarum\Extrait De Mélasse, Citrus Grandis (Grapefruit) Peel Extract, Triticum Vulgare (Wheat) Germ Extract, Hordeum Vulgare (Barley) Extract\Extrait D'Orge, Palmaria Palmata Extract, Morus Nigra (Mulberry) Root Extract, Punica Granatum (Pomegranate) Fruit Juice, Scutellaria Baicalensis Root Extract, Hydrolyzed Rice Bran Extract, Gentiana Lutea (Gentian) Root Extract, Curcuma Longa (Turmeric) Root Extract, Vitis Vinifera (Grape) Fruit Extract, Sucrose**, Glyceryl Stearate, Peg-100 Stearate, Peg-6, Glycerin, Cholesterol, Linoleic Acid, Salicylic Acid, Di-Ppg-2 Myreth-10 Adipate, Sodium Hyaluronate, Betaine, Dipotassium Glycyrrhizate, Steareth-21, Trehalose, Tocopheryl Acetate, Myristyl Laurate, Trisiloxane, Di-C12-18 Alkyl Dimonium Chloride, Caprylyl Glycol, Squalane, Myristyl Alcohol, Tromethamine, Sodium Dehydroacetate, Hexylene Glycol, Sodium Hydroxide, Phenoxyethanol, Mica*, Essential Oil**, Organic Sucrose (Brown Sugar).",1,1,1,1,0,dr._andrew_weil_for_origins_mega_bright_spf_30_skin_tone_correcting_oil_free_moisturizer,origins,moisturizer,origins_dr._andrew_weil_for_origins_mega_bright_spf_30_skin_tone_correcting_oil_free_moisturizer,,,,,,,,,,"Butyloctyl Salicylate;Behenyl Alcohol;Nylon-12;Octyldodecyl Neopentanoate;Butylene Glycol;Dimethicone;Myristyl Myristate;Cetyl Esters;Ascorbyl Glucoside;Polyethylene;Ammonium Acryloyldimethyltaurate/Vp Copolymer;Citrus Aurantium Dulcis (Orange) Peel Oil*;Pelargonium Graveolens Flower Oil*;Cananga Odorata Flower Oil*;Eugenia Caryophyllus (Clove) Bud Oil*;Rosa Damascena Flower Oil*;Jasminum Officinale (Jasmine) Oil*;Viola Odorata Flower/Leaf Extract;Polianthes Tuberosa Extract;Farnesol;Eugenol;Benzyl Salicylate;Citronellol;Citral;Benzyl Benzoate;Geraniol;Rosa Roxburghii Fruit Extract;Paeonia Albiflora (Peony) Root Extract;Molasses Extract\Saccharum Officinarum\Extrait De Mélasse;Citrus Grandis (Grapefruit) Peel Extract;Triticum Vulgare (Wheat) Germ Extract;Hordeum Vulgare (Barley) Extract\Extrait D'Orge;Palmaria Palmata Extract;Morus Nigra (Mulberry) Root Extract;Punica Granatum (Pomegranate) Fruit Juice;Scutellaria Baicalensis Root Extract;Hydrolyzed Rice Bran Extract;Gentiana Lutea (Gentian) Root Extract;Curcuma Longa (Turmeric) Root Extract;Vitis Vinifera (Grape) Fruit Extract;Sucrose**;Glyceryl Stearate;Peg-100 Stearate;Peg-6;Glycerin;Cholesterol;Linoleic Acid;Salicylic Acid;Di-Ppg-2 Myreth-10 Adipate;Sodium Hyaluronate;Betaine;Dipotassium Glycyrrhizate;Steareth-21;Trehalose;Tocopheryl Acetate;Myristyl Laurate;Trisiloxane;Di-C12-18 Alkyl Dimonium Chloride;Caprylyl Glycol;Squalane;Myristyl Alcohol;Tromethamine;Sodium Dehydroacetate;Hexylene Glycol;Sodium Hydroxide;Phenoxyethanol;Mica*;Essential Oil**;Organic Sucrose (Brown Sugar),",0.0,158.0,13870.0,4.1076,1.7,,32.94,2.6,1.14,moisturizer,nan
Moisturizer,BIOSSANCE,100% Squalane Oil,58,4.6,-100 Percent Sugarcane-Derived Squalane.,1,1,1,1,1,100_squalane_oil,biossance,moisturizer,biossance_100_squalane_oil,1.0,195.0,19197.0,4.5795,3.4,Moisturizers,17.06,2.35,1.02,"-100 Percent Sugarcane-Derived Squalane,",1.0,195.0,19197.0,4.5795,3.4,Moisturizers,17.06,2.35,1.02,moisturizer,High (13k - 26k)
Moisturizer,FIRST AID BEAUTY,Ultra Repair Face Moisturizer,24,4.2,"Water, Glyceryl Stearate Se, Glycerin, Caprylic/Capric Triglyceride, Cetyl Alcohol, Collodial Oatmeal, Dimethicone, Squalane, Urea, Allantoin, Ceramide Np, Butyrospermum Parkii (Shea) Butter, Limnanthes Alba (Meadowfoam) Seed Oil, Persea Gratissima (Avocado) Oil, Chrysanthemum Parthenium (Feverfew) Extract, Camellia Sinensis Leaf Extract, Glycyrrhiza Glabra (Licorice) Root Extract, Caprylyl Glycol, Phenoxyethanol, Carbomer, Sodium Hydroxide, Leuconostoc/Radish Root Ferment Filtrate, Edta.",1,1,1,1,1,ultra_repair_face_moisturizer,first_aid_beauty,moisturizer,first_aid_beauty_ultra_repair_face_moisturizer,0.0,706.0,26793.0,4.2535,,Moisturizers,,0.6,2.64,"Glyceryl Stearate Se;Glycerin;Caprylic/Capric Triglyceride;Cetyl Alcohol;Collodial Oatmeal;Dimethicone;Squalane;Urea;Allantoin;Ceramide Np;Butyrospermum Parkii (Shea) Butter;Limnanthes Alba (Meadowfoam) Seed Oil;Persea Gratissima (Avocado) Oil;Chrysanthemum Parthenium (Feverfew) Extract;Camellia Sinensis Leaf Extract;Glycyrrhiza Glabra (Licorice) Root Extract;Caprylyl Glycol;Phenoxyethanol;Carbomer;Sodium Hydroxide;Leuconostoc/Radish Root Ferment Filtrate;Edta,",0.0,706.0,26793.0,4.2535,,Moisturizers,,0.6,2.64,moisturizer,Very High (26k - 193k)
Moisturizer,MURAD,Skin Perfecting Lotion - Blemish Prone/Oily Skin,40,4.3,"Water, Dicaprylyl Maleate, C12-15 Alkyl Benzoate, Butylene Glycol, Glycerin, Sorbitan Stearate, Squalane, Stearic Acid, Retinol, Caprylic/Capric Triglyceride, Urea, Yeast Amino Acids, Trehalose, Inositol, Taurine, Betaine, Arnica Montana Flower Extract, Epilobium Angustifolium Flower/Leaf/Stem Extract, Hydrolyzed Soy Flour, Spiraea Ulmaria Extract, Honey (Mel) Extract, Cetearyl Alcohol, Ceteareth-20, Talc, Glycolipids, Sodium Hyaluronate, Panthenol, Lecithin, Avena Sativa (Oat) Kernel Protein, Tocopherol, Magnesium Ascorbyl Phosphate , Chondrus Crispus (Carrageenan) Extract, Dimethicone, Sodium PCA, Allantoin, Sclerotium Gum, Carbomer, Disodium EDTA, Aminomethyl Propanol, Phenoxyethanol, Caprylyl Glycol, Chlorphenesin, Citrus Aurantium Dulcis (Orange) Fruit Extract.",1,0,1,1,0,skin_perfecting_lotion_blemish_prone_oily_skin,murad,moisturizer,murad_skin_perfecting_lotion_blemish_prone_oily_skin,0.0,883.0,27620.0,4.2854,1.7,Moisturizers,23.53,0.49,3.2,"Dicaprylyl Maleate;C12-15 Alkyl Benzoate;Butylene Glycol;Glycerin;Sorbitan Stearate;Squalane;Stearic Acid;Retinol;Caprylic/Capric Triglyceride;Urea;Yeast Amino Acids;Trehalose;Inositol;Taurine;Betaine;Arnica Montana Flower Extract;Epilobium Angustifolium Flower/Leaf/Stem Extract;Hydrolyzed Soy Flour;Spiraea Ulmaria Extract;Honey (Mel) Extract;Cetearyl Alcohol;Ceteareth-20;Talc;Glycolipids;Sodium Hyaluronate;Panthenol;Lecithin;Avena Sativa (Oat) Kernel Protein;Tocopherol;Magnesium Ascorbyl Phosphate;Chondrus Crispus (Carrageenan) Extract;Dimethicone;Sodium PCA;Allantoin;Sclerotium Gum;Carbomer;Disodium EDTA;Aminomethyl Propanol;Phenoxyethanol;Caprylyl Glycol;Chlorphenesin;Citrus Aurantium Dulcis (Orange) Fruit Extract,",0.0,883.0,27620.0,4.2854,1.7,Moisturizers,23.53,0.49,3.2,moisturizer,Very High (26k - 193k)
Moisturizer,GUERLAIN,Abeille Royale Youth Watery Oil,50,4.1,-Black Bee Honey -Ouessant Honey: Repairs skin. -Guerlain Exclusive Royal Jelly: Nourishes skin. -Commiphora Oil: Renews skin.,1,1,1,1,0,abeille_royale_youth_watery_oil,guerlain,moisturizer,guerlain_abeille_royale_youth_watery_oil,0.0,29.0,11056.0,4.1379,1.6,Moisturizers,80.62,14.27,0.26,"-Black Bee Honey -Ouessant Honey: Repairs skin, -Guerlain Exclusive Royal Jelly: Nourishes skin, -Commiphora Oil: Renews skin,",0.0,29.0,11056.0,4.1379,1.6,Moisturizers,80.62,14.27,0.26,moisturizer,Medium (7k - 13k)
Moisturizer,FRESH,Black Tea Age-Delay Cream,90,4.2,Visit the Fresh boutique,0,1,1,0,0,black_tea_age_delay_cream,fresh,moisturizer,fresh_black_tea_age_delay_cream,0.0,320.0,10894.0,4.175,1.6,Moisturizers,56.25,1.3,2.94,Visit the Fresh boutique,0.0,320.0,10894.0,4.175,1.6,Moisturizers,56.25,1.3,2.94,moisturizer,Medium (7k - 13k)
Moisturizer,ORIGINS,Plantscription™ SPF 25 Power Anti-Aging Cream,60,4.7,"Avobenzone 3.0%, Homosalate 5.0%, Octisalate 4.5%, Octocrylene 2.8%Water, Butyloctyl Salicylate, Nylon-12, Behenyl Alcohol, Octyldodecyl Neopentanoate, Myristyl Myristate, Dimethicone, Cetyl Esters, Polyethylene, Butylene Glycol, Ammonium Acryloyldimethyltaurate/Vp Copolymer, Glycerin, Rosa Damascena Flower Oil*, Lavandula Angustifolia (Lavender) Oil*, Pelargonium Graveolens Flower Oil*, Illicium Verum (Anise) Fruit/Seed Oil*, Citrus Aurantium Bergamia (Bergamot) Fruit Oil*, Carthamus Tinctorius (Safflower) Seed Oil*, Myristica Fragrans (Nutmeg) Kernel Oil*, Citrus Aurantium Dulcis (Orange) Peel Oil*, Citrus Nobilis (Mandarin Orange) Peel Oil*, Citrus Limon (Lemon) Peel Oil*, Litsea Cubeba Fruit Oil*, Hibiscus Abelmoschus Extract, Geraniol, Linalool, Citronellol, Limonene, Citral, Peg-6, Peg-100 Stearate, Glyceryl Stearate, Caprylic/Capric Triglyceride, Hydrogenated Vegetable Oil, Steareth-21, Anogeissus Leiocarpus Bark Extract, Sigesbeckia Orientalis (St. Paul'S Wort) Extract, Centaurium Erythraea (Centaury) Extract, Rubus Idaeus (Raspberry) Leaf Extract, Rosmarinus Officinalis (Rosemary) Leaf Extract, Triticum Vulgare (Wheat) Germ Extract, Hordeum Vulgare (Barley) Extract/Extrait D'Orge, Bambusa Vulgaris (Bamboo) Extract, Peucedanum Graveolens (Dill) Extract, Coffea Arabica (Coffee) Seed Extract, Laminaria Digitata Extract, Trehalose, Cassia Alata Leaf Extract, Tetrahexyldecyl Ascorbate, Sodium Hyaluronate, Caffeine, Acetyl Hexapeptide-8, Di-Ppg-2 Myreth-10 Adipate, Caprylyl Glycol, Micrococcus Lysate, Cholesterol, Lecithin, Trisiloxane, Linoleic Acid, Phytosphingosine, Ethylhexylglycerin, Sodium Pca, Squalane, Glucosamine Hcl, Pisum Sativum (Pea) Extract, Tocopheryl Acetate, Crithmum Maritimum Extract, Hydrolyzed Algin, Sodium Dehydroacetate, Maltodextrin, Hexylene Glycol, Citric Acid, Potassium Sorbate, Disodium Edta, Phenoxyethanol, Mica * Essential Oil Please be aware that ingredient lists may change or vary from time to time.� Please refer to the ingredient list on the product package you receive for the most up to date list of ingredients.",1,1,1,0,1,plantscription_spf_25_power_anti_aging_cream,origins,moisturizer,origins_plantscription_spf_25_power_anti_aging_cream,,,,,,,,,,"Avobenzone 3,0%;Homosalate 5,0%;Octisalate 4,5%;Octocrylene 2,8%Water;Butyloctyl Salicylate;Nylon-12;Behenyl Alcohol;Octyldodecyl Neopentanoate;Myristyl Myristate;Dimethicone;Cetyl Esters;Polyethylene;Butylene Glycol;Ammonium Acryloyldimethyltaurate/Vp Copolymer;Glycerin;Rosa Damascena Flower Oil*;Lavandula Angustifolia (Lavender) Oil*;Pelargonium Graveolens Flower Oil*;Illicium Verum (Anise) Fruit/Seed Oil*;Citrus Aurantium Bergamia (Bergamot) Fruit Oil*;Carthamus Tinctorius (Safflower) Seed Oil*;Myristica Fragrans (Nutmeg) Kernel Oil*;Citrus Aurantium Dulcis (Orange) Peel Oil*;Citrus Nobilis (Mandarin Orange) Peel Oil*;Citrus Limon (Lemon) Peel Oil*;Litsea Cubeba Fruit Oil*;Hibiscus Abelmoschus Extract;Geraniol;Linalool;Citronellol;Limonene;Citral;Peg-6;Peg-100 Stearate;Glyceryl Stearate;Caprylic/Capric Triglyceride;Hydrogenated Vegetable Oil;Steareth-21;Anogeissus Leiocarpus Bark Extract;Sigesbeckia Orientalis (St, Paul'S Wort) Extract;Centaurium Erythraea (Centaury) Extract;Rubus Idaeus (Raspberry) Leaf Extract;Rosmarinus Officinalis (Rosemary) Leaf Extract;Triticum Vulgare (Wheat) Germ Extract;Hordeum Vulgare (Barley) Extract/Extrait D'Orge;Bambusa Vulgaris (Bamboo) Extract;Peucedanum Graveolens (Dill) Extract;Coffea Arabica (Coffee) Seed Extract;Laminaria Digitata Extract;Trehalose;Cassia Alata Leaf Extract;Tetrahexyldecyl Ascorbate;Sodium Hyaluronate;Caffeine;Acetyl Hexapeptide-8;Di-Ppg-2 Myreth-10 Adipate;Caprylyl Glycol;Micrococcus Lysate;Cholesterol;Lecithin;Trisiloxane;Linoleic Acid;Phytosphingosine;Ethylhexylglycerin;Sodium Pca;Squalane;Glucosamine Hcl;Pisum Sativum (Pea) Extract;Tocopheryl Acetate;Crithmum Maritimum Extract;Hydrolyzed Algin;Sodium Dehydroacetate;Maltodextrin;Hexylene Glycol;Citric Acid;Potassium Sorbate;Disodium Edta;Phenoxyethanol;Mica * Essential Oil Please be aware that ingredient lists may change or vary from time to time,� Please refer to the ingredient list on the product package you receive for the most up to date list of ingredients,",1.0,29.0,4212.0,4.4828,1.7,,35.29,15.46,0.69,moisturizer,nan
Moisturizer,LA MER,The Moisturizing Soft Lotion,270,3.6,"Algae (Seaweed) Extract, Petrolatum, Isocetyl Stearoyl Stearate, Butyrospermum Parkii (Shea Butter), Butylene Glycol, Cyclopentasiloxane, Dimethicone, Glyceryl Stearate, Cetyl Esters, Phenyl Trimethicone, Diethylhexyl Succinate, Cyclohexasiloxane, Cholesterol, Steareth-10, Glyceryl Stearate Se, Polysilicone-11, Sesamum Indicum (Sesame) Seed Oil, Medicago Sativa (Alfalfa) Seed Powder, Helianthus Annuus (Sunflower) Seedcake, Prunus Amygdalus Dulcis (Sweet Almond) Seed Meal, Eucalyptus Globulus (Eucalyptus) Leaf Oil, Sodium Gluconate, Copper Gluconate, Calcium Gluconate, Magnesium Gluconate, Zinc Gluconate, Tocopheryl Succinate, Niacin, Sesamum Indicum (Sesame) Seed Powder, Water, Salicornia Herbacea Extract, Sigesbeckia Orientalis (St. Paul'S Wort) Extract, Citrus Aurantifolia (Lime) Peel Extract, Sea Salt/Maris Sal/Sel Marin, Chlorella Vulgaris Extract, Hydrolyzed Rice Extract, Micrococcus Lysate, Laminaria Digitata Extract, Plankton Extract, Caffeine, Glucose Oxidase, Trehalose, Sucrose, Acetyl Hexapeptide-8, Lactoperoxidase, Hydrolyzed Algin, Glyceryl Dilaurate, Alcaligenes Polysaccharides, Isohexadecane, Caprylic/Capric Triglyceride, Dipalmitoyl Hydroxyproline, Distearyldimonium Chloride, Glycerin, Tocopheryl Acetate, Steareth-21, Polyquaternium-51, Saccharide Isomerate, Tetrahexyldecyl Ascorbate, Sodium Pca, Urea, Glucose, Polysorbate 80, Sodium Hyaluronate, Cetyl Alcohol, Alcohol Denat., Acrylamide/Sodium Acryloyldimethyltaurate Copolymer, Fragrance, Lecithin, Bht, Linalool, Citronellol, Hydroxycitronellal, Geraniol, Limonene, Benzyl Salicylate, Phenoxyethanol",1,1,1,1,1,the_moisturizing_soft_lotion,la_mer,moisturizer,la_mer_the_moisturizing_soft_lotion,0.0,13.0,2394.0,3.4615,1.7,Moisturizers,158.82,26.63,0.54,"Algae (Seaweed) Extract;Petrolatum;Isocetyl Stearoyl Stearate;Butyrospermum Parkii (Shea Butter);Butylene Glycol;Cyclopentasiloxane;Dimethicone;Glyceryl Stearate;Cetyl Esters;Phenyl Trimethicone;Diethylhexyl Succinate;Cyclohexasiloxane;Cholesterol;Steareth-10;Glyceryl Stearate Se;Polysilicone-11;Sesamum Indicum (Sesame) Seed Oil;Medicago Sativa (Alfalfa) Seed Powder;Helianthus Annuus (Sunflower) Seedcake;Prunus Amygdalus Dulcis (Sweet Almond) Seed Meal;Eucalyptus Globulus (Eucalyptus) Leaf Oil;Sodium Gluconate;Copper Gluconate;Calcium Gluconate;Magnesium Gluconate;Zinc Gluconate;Tocopheryl Succinate;Niacin;Sesamum Indicum (Sesame) Seed Powder;Salicornia Herbacea Extract;Sigesbeckia Orientalis (St, Paul'S Wort) Extract;Citrus Aurantifolia (Lime) Peel Extract;Sea Salt/Maris Sal/Sel Marin;Chlorella Vulgaris Extract;Hydrolyzed Rice Extract;Micrococcus Lysate;Laminaria Digitata Extract;Plankton Extract;Caffeine;Glucose Oxidase;Trehalose;Sucrose;Acetyl Hexapeptide-8;Lactoperoxidase;Hydrolyzed Algin;Glyceryl Dilaurate;Alcaligenes Polysaccharides;Isohexadecane;Caprylic/Capric Triglyceride;Dipalmitoyl Hydroxyproline;Distearyldimonium Chloride;Glycerin;Tocopheryl Acetate;Steareth-21;Polyquaternium-51;Saccharide Isomerate;Tetrahexyldecyl Ascorbate;Sodium Pca;Urea;Glucose;Polysorbate 80;Sodium Hyaluronate;Cetyl Alcohol;Alcohol Denat,;Acrylamide/Sodium Acryloyldimethyltaurate Copolymer;Fragrance;Lecithin;Bht;Linalool;Citronellol;Hydroxycitronellal;Geraniol;Limonene;Benzyl Salicylate;Phenoxyethanol",0.0,13.0,2394.0,3.4615,1.7,Moisturizers,158.82,26.63,0.54,moisturizer,Very Low (0 - 3k)
Moisturizer,CLINIQUE,Acne Solutions BB Cream Broad Spectrum SPF 40,39,4.1,"Octinoxate 7.5% , Octisalate 2.0% , Titanium Dioxide 1.6%Water , Methyl Trimethicone , Alcohol , Ethylhexyl Palmitate , Peg-9 Polydimethylsiloxyethyl Dimethicone , Propanediol , Glycerin , Glyceryl Caprylate , Peg-3 Dimethicone , Dimethicone , Tocopheryl Acetate , Lecithin , Triethoxycaprylylsilane , Stearyl Glycyrrhetinate , Sorbitan Sesquiisostearate , Sodium Hyaluronate , Pyridoxine Hcl , Stearic Acid , Hesperidin Methyl Chalcone , Palmitoyl Tetrapeptide-7 , Sodium Chloride , Aluminum Hydroxide , Steareth-20 , Dipeptide-2 , Silica , Sodium Citrate , Phenoxyethanol , [+/- Mica , Iron Oxides (Ci 77491) , Iron Oxides (Ci 77492) , Iron Oxides (Ci 77499) , Titanium Dioxide (Ci 77891)]",1,0,0,1,0,acne_solutions_bb_cream_broad_spectrum_spf_40,clinique,moisturizer,clinique_acne_solutions_bb_cream_broad_spectrum_spf_40,0.0,601.0,34736.0,4.1481,1.0,Moisturizers,39.0,0.69,1.73,"Octinoxate 7,5%;Octisalate 2,0%;Titanium Dioxide 1,6%Water;Methyl Trimethicone;Alcohol;Ethylhexyl Palmitate;Peg-9 Polydimethylsiloxyethyl Dimethicone;Propanediol;Glycerin;Glyceryl Caprylate;Peg-3 Dimethicone;Dimethicone;Tocopheryl Acetate;Lecithin;Triethoxycaprylylsilane;Stearyl Glycyrrhetinate;Sorbitan Sesquiisostearate;Sodium Hyaluronate;Pyridoxine Hcl;Stearic Acid;Hesperidin Methyl Chalcone;Palmitoyl Tetrapeptide-7;Sodium Chloride;Aluminum Hydroxide;Steareth-20;Dipeptide-2;Silica;Sodium Citrate;Phenoxyethanol;[+/- Mica;Iron Oxides (Ci 77491);Iron Oxides (Ci 77492);Iron Oxides (Ci 77499);Titanium Dioxide (Ci 77891)]",0.0,601.0,34736.0,4.1481,1.0,Moisturizers,39.0,0.69,1.73,moisturizer,Very High (26k - 193k)
Moisturizer,SHISEIDO,Benefiance WrinkleResist24 Night Emulsion,63,4.3,"Water, Glycerin, Dipropylene Glycol, Pentaerythrityl Tetraethylhexanoate, Mineral Oil (Paraffinum Liquidum), Dimethicone, Sd Alcohol 40-B (Alcohol Denat.), Petrolatum, Hydrogenated Polydecene, Glyceryl Stearate Se, Behenyl Alcohol, Peg-6, Peg-32, Squalane, Peg-5 Glyceryl Stearate, Phenoxyethanol, Stearic Acid, Isostearic Acid, Behenic Acid, Fragrance (Parfum), Microcrystalline Wax (Cera Microcristallina), Carbomer, Peg/Ppg-17/4 Dimethyl Ether, Phytosteryl Macadamiate, Alcohol, Potassium Hydroxide, Tocopheryl Acetate, Dipotassium Glycyrrhizate, Butylene Glycol, Disodium Edta, Butylphenyl Methylpropional, Sodium Metaphosphate, Limonene, Linalool, Sapindus Mukurossi Peel Extract (Sapindus Mukurossi), Citronellol, Alpha-Isomethyl Ionone, Geraniol, Benzyl Benzoate, Hexyl Cinnamal, Uncaria Gambir Extract (Uncaria Gambir), Sodium Acetylated Hyaluronate, Hydroxyproline, Hypericum Erectum Extract, Iron Oxides (Ci 77491), Chlorella Vulgaris Extract, Tocopherol.",0,0,0,0,0,benefiance_wrinkleresist24_night_emulsion,shiseido,moisturizer,shiseido_benefiance_wrinkleresist24_night_emulsion,0.0,91.0,2988.0,4.2967,2.5,Moisturizers,25.2,4.72,3.05,"Glycerin;Dipropylene Glycol;Pentaerythrityl Tetraethylhexanoate;Mineral Oil (Paraffinum Liquidum);Dimethicone;Sd Alcohol 40-B (Alcohol Denat,);Petrolatum;Hydrogenated Polydecene;Glyceryl Stearate Se;Behenyl Alcohol;Peg-6;Peg-32;Squalane;Peg-5 Glyceryl Stearate;Phenoxyethanol;Stearic Acid;Isostearic Acid;Behenic Acid;Fragrance (Parfum);Microcrystalline Wax (Cera Microcristallina);Carbomer;Peg/Ppg-17/4 Dimethyl Ether;Phytosteryl Macadamiate;Alcohol;Potassium Hydroxide;Tocopheryl Acetate;Dipotassium Glycyrrhizate;Butylene Glycol;Disodium Edta;Butylphenyl Methylpropional;Sodium Metaphosphate;Limonene;Linalool;Sapindus Mukurossi Peel Extract (Sapindus Mukurossi);Citronellol;Alpha-Isomethyl Ionone;Geraniol;Benzyl Benzoate;Hexyl Cinnamal;Uncaria Gambir Extract (Uncaria Gambir);Sodium Acetylated Hyaluronate;Hydroxyproline;Hypericum Erectum Extract;Iron Oxides (Ci 77491);Chlorella Vulgaris Extract;Tocopherol,",0.0,91.0,2988.0,4.2967,2.5,Moisturizers,25.2,4.72,3.05,moisturizer,Very Low (0 - 3k)
Moisturizer,CAUDALIE,Resveratrol Lift Night Infusion Cream,76,4.1,"Water, Glycerin*, Butylene Glycol, Isononyl Isononanoate, Caprylic/Capric Triglyceride*, Cetearyl Alcohol*, Hydrogenated Vegetable Oil*, Vitis Vinifera (Grape) Seed Oil*, Peg-20 Stearate, Squalane*, Citrus Aurantium Amara (Bitter Orange) Flower Water*, Butyrospermum Parkii (Shea) Butter Extract*, Carbomer, Palmitoyl Grapevine Shoot Extract*, Parfum (Fragrance), Caprylyl Glycol, Potassium Sorbate, Polyglyceryl-10 Pentaoleate*, Palmitoyl Grape Seed Extract*, Xanthan Gum, Tocopheryl Acetate*, Sodium Hydroxide, Verbena Officinalis Extract*, Tilia Cordata Extract*, Ceramide 3, Sodium Hyaluronate, Acrylates/C10-30 Alkyl Acrylate Crosspolymer, Sodium Carboxymethyl Beta-Glucan, Tocopherol*, Helianthus Annuus (Sunflower) Seed Oil*, Linalool, Limonene, Coumarin, Butylphenyl Methylpropional. *Plant Origin.",1,1,1,1,1,resveratrol_lift_night_infusion_cream,caudalie,moisturizer,caudalie_resveratrol_lift_night_infusion_cream,1.0,68.0,7420.0,4.0588,1.7,Moisturizers,44.71,5.97,0.92,"Glycerin*;Butylene Glycol;Isononyl Isononanoate;Caprylic/Capric Triglyceride*;Cetearyl Alcohol*;Hydrogenated Vegetable Oil*;Vitis Vinifera (Grape) Seed Oil*;Peg-20 Stearate;Squalane*;Citrus Aurantium Amara (Bitter Orange) Flower Water*;Butyrospermum Parkii (Shea) Butter Extract*;Carbomer;Palmitoyl Grapevine Shoot Extract*;Parfum (Fragrance);Caprylyl Glycol;Potassium Sorbate;Polyglyceryl-10 Pentaoleate*;Palmitoyl Grape Seed Extract*;Xanthan Gum;Tocopheryl Acetate*;Sodium Hydroxide;Verbena Officinalis Extract*;Tilia Cordata Extract*;Ceramide 3;Sodium Hyaluronate;Acrylates/C10-30 Alkyl Acrylate Crosspolymer;Sodium Carboxymethyl Beta-Glucan;Tocopherol*;Helianthus Annuus (Sunflower) Seed Oil*;Linalool;Limonene;Coumarin;Butylphenyl Methylpropional, *Plant Origin,",1.0,68.0,7420.0,4.0588,1.7,Moisturizers,44.71,5.97,0.92,moisturizer,Medium (7k - 13k)
Moisturizer,LANCÔME,ABSOLUE PREMIUM ßx – Absolute Replenishing Cream SPF 15 Sunscreen,175,4.5,No Info,0,0,0,0,0,absolue_premium_ßx_–_absolute_replenishing_cream_spf_15_sunscreen,lancôme,moisturizer,lancôme_absolue_premium_ßx_–_absolute_replenishing_cream_spf_15_sunscreen,,,,,,,,,,No Info,0.0,17.0,568.0,4.1176,2.5,,74.0,24.22,2.99,moisturizer,nan
Moisturizer,MURAD,Essential-C Day Moisture Broad Spectrum SPF 30 PA+++,63,4.0,"Water, Butylene Glycol, Stearic Acid, Diisopropyl Sebacate, Cocoglycerides, Lauryl Lactate, Glyceryl Stearate, PEG-100 Stearate, Isodecyl Neopentanoate, Dimethicone, Cetyl Alcohol, Cetyl Phosphate, Urea, Yeast Amino Acids, Trehalose, Inositol, Taurine, Betaine, Phospholipids, Retinyl Palmitate, Tocopheryl Acetate, Ascorbyl Palmitate, Pelvetia Canaliculata Extract, Ectoin, Ginkgo Biloba Leaf Extract, Grape Seed Extract, Passiflora Incarnata Extract, Tetrahexyldecyl Ascorbate, Sodium PCA, Panthenol, Tripleurospermum Maritimum Extract, Zinc Gluconate, Ethyl Linoleate, Magnesium Aluminum Silicate, Xanthan Gum, Aminomethyl Propanol, Disodium EDTA, Phenoxyethanol, Caprylyl Glycol, Chlorphenesin, Limonene*, Linalool *, Fragrance, Yellow 6 (CI 15985), Red 33 (CI 17200). *Allergen.",1,1,1,1,1,essential_c_day_moisture_broad_spectrum_spf_30_pa,murad,moisturizer,murad_essential_c_day_moisture_broad_spectrum_spf_30_pa,0.0,369.0,13022.0,4.0163,1.7,Moisturizers,38.24,1.09,2.83,"Butylene Glycol;Stearic Acid;Diisopropyl Sebacate;Cocoglycerides;Lauryl Lactate;Glyceryl Stearate;PEG-100 Stearate;Isodecyl Neopentanoate;Dimethicone;Cetyl Alcohol;Cetyl Phosphate;Urea;Yeast Amino Acids;Trehalose;Inositol;Taurine;Betaine;Phospholipids;Retinyl Palmitate;Tocopheryl Acetate;Ascorbyl Palmitate;Pelvetia Canaliculata Extract;Ectoin;Ginkgo Biloba Leaf Extract;Grape Seed Extract;Passiflora Incarnata Extract;Tetrahexyldecyl Ascorbate;Sodium PCA;Panthenol;Tripleurospermum Maritimum Extract;Zinc Gluconate;Ethyl Linoleate;Magnesium Aluminum Silicate;Xanthan Gum;Aminomethyl Propanol;Disodium EDTA;Phenoxyethanol;Caprylyl Glycol;Chlorphenesin;Limonene*;Linalool *;Fragrance;Yellow 6 (CI 15985);Red 33 (CI 17200), *Allergen,",0.0,369.0,13022.0,4.0163,1.7,Moisturizers,38.24,1.09,2.83,moisturizer,High (13k - 26k)
Moisturizer,CLINIQUE,Moisture Surge CC Cream Hydrating Colour Corrector Broad Spectrum SPF 30,39,3.8,"Water, Squalane, Octyldodecyl Neopentanoate, Butylene Glycol, Propanediol, Glyceryl Stearate, Behenyl Alcohol, Peg-40 Stearate, Polyglyceryl-10 Pentastearate, Aloe Barbadensis Leaf Water, Thermus Thermophillus Ferment, Trehalose, Caffeine, Glycerin, Linoleic Acid, Lecithin, Stearic Acid, Hydrogenated Lecithin, Sorbitol, Polyglyceryl-6 Polyricinoleate, Tocopheryl Acetate, Ammonium Acryloyldimethyltaurate/Vp Copolymer, Sodium Stearoyl Lactylate, Sodium Hyaluronate, Tetrahexyldecyl Ascorbate, Pentaerythrityl Tetra-Di-T-Butyl Hydroxyhydrocinnamate, Isopropyl Titanium Triisostearate, Synthetic Fluorphlogopite, Xanthan Gum, Silica, Alumina, Sodium Dehydroacetate, Tin Oxide, Disodium Edta, Phenoxyethanol, [+/- Mica, Titanium Dioxide (Ci 77891), Iron Oxides (Ci 77492), Iron Oxides (Ci 77491), Iron Oxides (Ci 77499)].",0,0,0,0,0,moisture_surge_cc_cream_hydrating_colour_corrector_broad_spectrum_spf_30,clinique,moisturizer,clinique_moisture_surge_cc_cream_hydrating_colour_corrector_broad_spectrum_spf_30,0.0,730.0,26504.0,3.8233,1.4,Moisturizers,27.86,0.52,2.75,"Squalane;Octyldodecyl Neopentanoate;Butylene Glycol;Propanediol;Glyceryl Stearate;Behenyl Alcohol;Peg-40 Stearate;Polyglyceryl-10 Pentastearate;Aloe Barbadensis Leaf Water;Thermus Thermophillus Ferment;Trehalose;Caffeine;Glycerin;Linoleic Acid;Lecithin;Stearic Acid;Hydrogenated Lecithin;Sorbitol;Polyglyceryl-6 Polyricinoleate;Tocopheryl Acetate;Ammonium Acryloyldimethyltaurate/Vp Copolymer;Sodium Stearoyl Lactylate;Sodium Hyaluronate;Tetrahexyldecyl Ascorbate;Pentaerythrityl Tetra-Di-T-Butyl Hydroxyhydrocinnamate;Isopropyl Titanium Triisostearate;Synthetic Fluorphlogopite;Xanthan Gum;Silica;Alumina;Sodium Dehydroacetate;Tin Oxide;Disodium Edta;Phenoxyethanol;[+/- Mica;Titanium Dioxide (Ci 77891);Iron Oxides (Ci 77492);Iron Oxides (Ci 77491);Iron Oxides (Ci 77499)],",0.0,730.0,26504.0,3.8233,1.4,Moisturizers,27.86,0.52,2.75,moisturizer,Very High (26k - 193k)
Moisturizer,KOPARI,Coconut Melt,28,4.2,Visit the Kopari boutique,1,1,1,1,1,coconut_melt,kopari,moisturizer,kopari_coconut_melt,1.0,627.0,37428.0,4.0957,5.1,Moisturizers,5.49,0.65,1.68,Visit the Kopari boutique,1.0,627.0,37428.0,4.0957,5.1,Moisturizers,5.49,0.65,1.68,moisturizer,Very High (26k - 193k)
Moisturizer,SHISEIDO,Future Solution LX Total Regenerating Cream,280,4.0,"Dipropylene Glycol, Glycerin, Dimethicone, Butylene Glycol, Xylitol, Piperidinepropionic Acid, Petrolatum, Mineral Oil(Paraffinum Liquidum/Huile Minerale), Diisostearyl Malate, Myristyl Myristate, Pentaerythrityl Tetrabehenate/Benzoate/Ethylhexanoate, Behenyl Alcohol, Glyceryl Stearate Se, Stearyl Alcohol, Pentaerythrityl Tetraethylhexanoate, Batyl Alcohol, Dimethicone Crosspolymer, Beheneth-20, Phenoxyethanol, Dimethylacrylamide/Sodium Acryloyldimethyltaurate Crosspolymer, Fragrance, Sorbitan Tristearate, Sodium Methyl Stearoyl Taurate, Peg/Ppg-17/4 Dimethyl Ether, Tocopheryl Acetate, Sodium Citrate, Bht, Xanthan Gum, Trisodium Edta, Sodium Metabisulfite, Linalool, Citric Acid, Sodium Metaphosphate, Iron Oxides (Ci 77492), Phytosteryl/Octyldodecyl Lauroyl Glutamate, Butylphenyl Methylpropional, Alcohol, Limonene, 2-O-Ethyl Ascorbic Acid, Alpha-Isomethyl Ionone, Citronellol, Geraniol, Benzyl Benzoate, Prunus Speciosa Leaf Extract, Angelica Acutiloba Root Extract, Iron Oxides (Ci 77491), Sanguisorba Officinalis Root Extract, Isodonis Japonicus Leaf/Stalk Extract, Camellia Sinensis Leaf Extract, Tocopherol.",1,1,1,1,1,future_solution_lx_total_regenerating_cream,shiseido,moisturizer,shiseido_future_solution_lx_total_regenerating_cream,0.0,4.0,932.0,4.0,1.7,Moisturizers,167.65,100.0,0.43,"Dipropylene Glycol;Glycerin;Dimethicone;Butylene Glycol;Xylitol;Piperidinepropionic Acid;Petrolatum;Mineral Oil(Paraffinum Liquidum/Huile Minerale);Diisostearyl Malate;Myristyl Myristate;Pentaerythrityl Tetrabehenate/Benzoate/Ethylhexanoate;Behenyl Alcohol;Glyceryl Stearate Se;Stearyl Alcohol;Pentaerythrityl Tetraethylhexanoate;Batyl Alcohol;Dimethicone Crosspolymer;Beheneth-20;Phenoxyethanol;Dimethylacrylamide/Sodium Acryloyldimethyltaurate Crosspolymer;Fragrance;Sorbitan Tristearate;Sodium Methyl Stearoyl Taurate;Peg/Ppg-17/4 Dimethyl Ether;Tocopheryl Acetate;Sodium Citrate;Bht;Xanthan Gum;Trisodium Edta;Sodium Metabisulfite;Linalool;Citric Acid;Sodium Metaphosphate;Iron Oxides (Ci 77492);Phytosteryl/Octyldodecyl Lauroyl Glutamate;Butylphenyl Methylpropional;Alcohol;Limonene;2-O-Ethyl Ascorbic Acid;Alpha-Isomethyl Ionone;Citronellol;Geraniol;Benzyl Benzoate;Prunus Speciosa Leaf Extract;Angelica Acutiloba Root Extract;Iron Oxides (Ci 77491);Sanguisorba Officinalis Root Extract;Isodonis Japonicus Leaf/Stalk Extract;Camellia Sinensis Leaf Extract;Tocopherol,",0.0,4.0,932.0,4.0,1.7,Moisturizers,167.65,100.0,0.43,moisturizer,Very Low (0 - 3k)
Moisturizer,CLARINS,Multi-Active Night Cream - Normal to Combination Skin,57,4.2,"Water, Glycerin, Isononyl Isononanoate, Caprylic/Capric Triglyceride, Butyro - Spermum Parkii (Shea) Butter, Cetearyl Alcohol, Ammonium Acryloyldimethyltaurate/Vp Copolymer, Propanediol, Glyceryl Stearate, Peg-100 Stearate, Fragrance, Cetearyl Glucoside, Dimethicone, Methyl Methacrylate Crosspolymer, Dipsacus Sylvestris Extract, Caprylyl Glycol, Ethylhexylglycerin, Tocopheryl Acetate, Cellulose, Disodium Edta, Sodium Hyaluronate, Alcohol, Eschscholtzia Californica Flower/Leaf/Stem Extract, Actinidia Chinensis (Kiwi) Fruit Extract, Butylene Glycol, Diospyros Mespili - Formis Leaf Extract, Maltodextrin, Tetrasodium Edta, Sanicula Europaea Extract, Phenoxyethanol, Lapsana Communis Flower/Leaf/Stem Extract, Furcellaria Lumbricalis Extract, Sodium Citrate, Potassium Sorbate, Citric Acid, Glycolic Acid, Lactic Acid, Maris Sal/Sea Salt/Sel Marin, Polyvinyl Alcohol, Copper Palmitoyl Heptapeptide-14, Heptapeptide-15 Palmitate.",1,0,1,1,0,multi_active_night_cream_normal_to_combination_skin,clarins,moisturizer,clarins_multi_active_night_cream_normal_to_combination_skin,0.0,47.0,4856.0,4.1915,1.6,Moisturizers,36.25,8.92,0.97,"Glycerin;Isononyl Isononanoate;Caprylic/Capric Triglyceride;Butyro - Spermum Parkii (Shea) Butter;Cetearyl Alcohol;Ammonium Acryloyldimethyltaurate/Vp Copolymer;Propanediol;Glyceryl Stearate;Peg-100 Stearate;Fragrance;Cetearyl Glucoside;Dimethicone;Methyl Methacrylate Crosspolymer;Dipsacus Sylvestris Extract;Caprylyl Glycol;Ethylhexylglycerin;Tocopheryl Acetate;Cellulose;Disodium Edta;Sodium Hyaluronate;Alcohol;Eschscholtzia Californica Flower/Leaf/Stem Extract;Actinidia Chinensis (Kiwi) Fruit Extract;Butylene Glycol;Diospyros Mespili - Formis Leaf Extract;Maltodextrin;Tetrasodium Edta;Sanicula Europaea Extract;Phenoxyethanol;Lapsana Communis Flower/Leaf/Stem Extract;Furcellaria Lumbricalis Extract;Sodium Citrate;Potassium Sorbate;Citric Acid;Glycolic Acid;Lactic Acid;Maris Sal/Sea Salt/Sel Marin;Polyvinyl Alcohol;Copper Palmitoyl Heptapeptide-14;Heptapeptide-15 Palmitate,",0.0,47.0,4856.0,4.1915,1.6,Moisturizers,36.25,8.92,0.97,moisturizer,Low (3k - 7k)
Moisturizer,FARSÁLI,Volcanic Elixir Polynesian Beauty Oil,39,4.5,Calophyllum Tacamahaca Seed oil.,0,0,0,0,0,volcanic_elixir_polynesian_beauty_oil,farsáli,moisturizer,farsáli_volcanic_elixir_polynesian_beauty_oil,,,,,,,,,,"Calophyllum Tacamahaca Seed oil,",0.0,627.0,21962.0,4.4577,1.0,,39.0,0.71,2.85,moisturizer,nan
Moisturizer,TARTE,Maracuja Oil,48,4.4,"Passiflora Edulis Seed Oil, Tocopherol.",0,0,0,0,0,maracuja_oil,tarte,moisturizer,tarte_maracuja_oil,0.0,2000.0,81985.0,4.4419,1.7,Moisturizers,28.24,0.22,2.44,"Passiflora Edulis Seed Oil;Tocopherol,",0.0,2000.0,81985.0,4.4419,1.7,Moisturizers,28.24,0.22,2.44,moisturizer,Very High (26k - 193k)
Moisturizer,SHISEIDO,Ibuki Refining Moisturizer,45,4.1,"Water Glycerin, Butylene Glycol, Dipropylene Glycol, Hydrogenated Polydecene, Triethylhexanoin, Hdi/Trimethylol Hexyllactone Crosspolymer, Dimethicone, Glyceryl Stearate Se, Trehalose, Peg-5 Glyceryl Stearate, Behenyl Alcohol, Phenoxyethanol, Stearic Acid, Isostearic Acid, Behenic Acid, Alcohol, Carbomer, Aminopropyl Dimethicone, Betaine, Fragrance, Silica, Potassium Hydroxide, Glycyl Glycine, Sodium Metabisulfite, Disodium Edta, Limonene, Hexyl Cinnamal, Butylphenyl Methylpropional, Benzyl Benzoate, Linalool, Paeonia Albiflora Root Extract, Witch Hazel Leaf Extract, Lamium Album Flower Extract, Citrus Junos Seed Extract, Tocopherol, Zingiber Aromaticus Extract, Benzoic Acid.",0,0,0,0,0,ibuki_refining_moisturizer,shiseido,moisturizer,shiseido_ibuki_refining_moisturizer,,,,,,,,,,"Water Glycerin;Butylene Glycol;Dipropylene Glycol;Hydrogenated Polydecene;Triethylhexanoin;Hdi/Trimethylol Hexyllactone Crosspolymer;Dimethicone;Glyceryl Stearate Se;Trehalose;Peg-5 Glyceryl Stearate;Behenyl Alcohol;Phenoxyethanol;Stearic Acid;Isostearic Acid;Behenic Acid;Alcohol;Carbomer;Aminopropyl Dimethicone;Betaine;Fragrance;Silica;Potassium Hydroxide;Glycyl Glycine;Sodium Metabisulfite;Disodium Edta;Limonene;Hexyl Cinnamal;Butylphenyl Methylpropional;Benzyl Benzoate;Linalool;Paeonia Albiflora Root Extract;Witch Hazel Leaf Extract;Lamium Album Flower Extract;Citrus Junos Seed Extract;Tocopherol;Zingiber Aromaticus Extract;Benzoic Acid,",,,,,,,,,,moisturizer,nan
Moisturizer,SHISEIDO,Ibuki Refining Moisturizer Enriched,45,4.4,"Water, Glycerin, Cetyl Ethylhexanoate, Butylene Glycol, Dimethicone, Xylitol, Hydrogenated Polydecene, Methyl Methacrylate Crosspolymer, Peg-60 Glyceryl Isostearate, Alcohol Denat., Stearyl Alcohol, Petrolatum, Glyceryl Stearate, Behenyl Alcohol, Trehalose, Peg-10 Dimethicone, Titanium Dioxide (Ci 77891), Dimethicone Crosspolymer, Silica, Hydrogenated Palm Oil, Phenoxyethanol, Mica, Elaeis Guineensis (Palm) Kernel Oil, Elaeis Guineensis (Palm) Oil, Methylparaben, Alcohol, Fragrance (Parfum), Betaine, Sodium Citrate, Glycyl Glycine, Tin Oxide, Disodium Edta, Acrylates/C10-30 Alkyl Acrylate Crosspolymer, Limonene, Citric Acid, Hexyl Cinnamal, Butylphenyl Methylpropional, Benzyl Benzoate, Linalool, Sodium Polyacrylate, Paeonia Albiflora Root Extract, Hamamelis Virginiana (Witch Hazel) Leaf Extract, Citronellol, Lamium Album Flower Extract, Citrus Junos Seed Extract, Potassium Hydroxide, Tocopherol, Zingiber Aromaticus Extract, Benzoic Acid.",1,1,1,1,0,ibuki_refining_moisturizer_enriched,shiseido,moisturizer,shiseido_ibuki_refining_moisturizer_enriched,,,,,,,,,,"Glycerin;Cetyl Ethylhexanoate;Butylene Glycol;Dimethicone;Xylitol;Hydrogenated Polydecene;Methyl Methacrylate Crosspolymer;Peg-60 Glyceryl Isostearate;Alcohol Denat,;Stearyl Alcohol;Petrolatum;Glyceryl Stearate;Behenyl Alcohol;Trehalose;Peg-10 Dimethicone;Titanium Dioxide (Ci 77891);Dimethicone Crosspolymer;Silica;Hydrogenated Palm Oil;Phenoxyethanol;Mica;Elaeis Guineensis (Palm) Kernel Oil;Elaeis Guineensis (Palm) Oil;Methylparaben;Alcohol;Fragrance (Parfum);Betaine;Sodium Citrate;Glycyl Glycine;Tin Oxide;Disodium Edta;Acrylates/C10-30 Alkyl Acrylate Crosspolymer;Limonene;Citric Acid;Hexyl Cinnamal;Butylphenyl Methylpropional;Benzyl Benzoate;Linalool;Sodium Polyacrylate;Paeonia Albiflora Root Extract;Hamamelis Virginiana (Witch Hazel) Leaf Extract;Citronellol;Lamium Album Flower Extract;Citrus Junos Seed Extract;Potassium Hydroxide;Tocopherol;Zingiber Aromaticus Extract;Benzoic Acid,",,,,,,,,,,moisturizer,nan
Moisturizer,LA MER,The Renewal Oil Mini,130,4.0,"Limnanthes Alba (Meadowfoam) Seed Oil, Dimethicone, Caprylic/Capric Triglyceride, Water, Trisiloxane, Prunus Amygdalus Dulcis (Sweet Almond) Oil, Simmondsia Chinensis (Jojoba) Seed Oil, Polydecene, Hydrogenated Polydecene, Butylene Glycol, Propanediol, Glycerin, Algae (Seaweed) Extract, Brassica Campestris (Rapeseed) Seed Oil, Helianthus Annuus (Sunflower) Seed Oil, Sesamum Indicum (Sesame) Seed Oil, Eucalyptus Globulus (Eucalyptus) Leaf Oil, Camelina Sativa Seed Oil, Oxycoccus Palustris (Cranberry) Seed Oil, Olea Europaea (Olive) Fruit Oil, Hippophae Rhamnoides Oil, Medicago Sativa (Alfalfa) Seed Powder, Helianthus Annuus (Sunflower) Seedcake, Prunus Amygdalus Dulcis (Sweet Almond) Seed Meal, Sodium Gluconate, Copper Gluconate, Calcium Gluconate, Magnesium Gluconate, Zinc Gluconate, Tocopheryl Succinate, Niacin, Sesamum Indicum (Sesame) Seed Powder, Laminaria Ochroleuca Extract, Laminaria Saccharina Extract, Hydrolyzed Algin, Sea Salt/Maris Sal/Sel Marin, Chlorella Vulgaris Extract, Salicornia Herbacea Extract, Sigesbeckia Orientalis (St. Paul'S Wort) Extract, Laminaria Digitata Extract, Rosmarinus Officinalis (Rosemary) Leaf Extract, Magnolia Officinalis Bark Extract, Yeast Extract/Faex/Extrait De Levure, Crithmum Maritimum Extract, Commiphora Mukul Resin Extract, Citrus Aurantifolia (Lime) Peel Extract, Molasses Extract/Saccharum Officinarum/Extrait De Melasse, Sucrose, Acetyl Hexapeptide-8, Acetyl Glucosamine, Caffeine, Tocopheryl Acetate, Phenyl Trimethicone, Sodium Chloride, Tetrahexyldecyl Ascorbate, Alcohol Denat., Fragrance, Hexyl Cinnamal, Linalool, Amyl Cinnamal, Geraniol, Limonene, Citral, Benzyl Benzoate, Coumarin, Citronellol, Bht, Phenoxyethanol, Yellow 5 (Ci 19140), Yellow 6 (Ci 15985)",1,1,1,1,1,the_renewal_oil_mini,la_mer,moisturizer,la_mer_the_renewal_oil_mini,,,,,,,,,,"Limnanthes Alba (Meadowfoam) Seed Oil;Dimethicone;Caprylic/Capric Triglyceride;Trisiloxane;Prunus Amygdalus Dulcis (Sweet Almond) Oil;Simmondsia Chinensis (Jojoba) Seed Oil;Polydecene;Hydrogenated Polydecene;Butylene Glycol;Propanediol;Glycerin;Algae (Seaweed) Extract;Brassica Campestris (Rapeseed) Seed Oil;Helianthus Annuus (Sunflower) Seed Oil;Sesamum Indicum (Sesame) Seed Oil;Eucalyptus Globulus (Eucalyptus) Leaf Oil;Camelina Sativa Seed Oil;Oxycoccus Palustris (Cranberry) Seed Oil;Olea Europaea (Olive) Fruit Oil;Hippophae Rhamnoides Oil;Medicago Sativa (Alfalfa) Seed Powder;Helianthus Annuus (Sunflower) Seedcake;Prunus Amygdalus Dulcis (Sweet Almond) Seed Meal;Sodium Gluconate;Copper Gluconate;Calcium Gluconate;Magnesium Gluconate;Zinc Gluconate;Tocopheryl Succinate;Niacin;Sesamum Indicum (Sesame) Seed Powder;Laminaria Ochroleuca Extract;Laminaria Saccharina Extract;Hydrolyzed Algin;Sea Salt/Maris Sal/Sel Marin;Chlorella Vulgaris Extract;Salicornia Herbacea Extract;Sigesbeckia Orientalis (St, Paul'S Wort) Extract;Laminaria Digitata Extract;Rosmarinus Officinalis (Rosemary) Leaf Extract;Magnolia Officinalis Bark Extract;Yeast Extract/Faex/Extrait De Levure;Crithmum Maritimum Extract;Commiphora Mukul Resin Extract;Citrus Aurantifolia (Lime) Peel Extract;Molasses Extract/Saccharum Officinarum/Extrait De Melasse;Sucrose;Acetyl Hexapeptide-8;Acetyl Glucosamine;Caffeine;Tocopheryl Acetate;Phenyl Trimethicone;Sodium Chloride;Tetrahexyldecyl Ascorbate;Alcohol Denat,;Fragrance;Hexyl Cinnamal;Linalool;Amyl Cinnamal;Geraniol;Limonene;Citral;Benzyl Benzoate;Coumarin;Citronellol;Bht;Phenoxyethanol;Yellow 5 (Ci 19140);Yellow 6 (Ci 15985)",,,,,,,,,,moisturizer,nan
Moisturizer,NURSE JAMIE,Tech Neck Prevention Kit,69,5.0,"-Silicone Wrap: Creates a hydrating climate for intense moisture. -Epidermal Growth Factor: Increases cell renewal. -Plant Stem Cells: Assist in fighting free-radicals and sun damage. -Hyaluronic Acid: Moisturizes the skin and promotes enhanced volume. EGF Botanical Complex: Water, Ethyl Macadamiate, Octyldodecanol,Caprylic/Capric Triglyceride, Oleth-10 Phosphate, Cetyl Esters, Tribehenin PEG-20 Esters, Malus Domestica Fruit Cell Culture Extract, Dimethicone, Hydroxypropyl Cyclodextrin, Palmitoyl Tripeptide-38, Tribehenin, Glyceryl Stearate, Butyrospermum Parkii (Shea Butter), Sodium Polyacrylate, Hydrogenated Polydecene, Trideceth-10, Phospholipids, rH-Oligopeptide-1, Isomalt, Vitis Vinifera (Grape) Fruit Cell Extract, Algae Extract, Camellia Sinensis Leaf Extract, Tetrahexyldecyl Ascorbate, Panthenol, Sodium PCA, Sodium Hyaluronate, Xantham Gum, Glycerin, Lecithin, Allantoin, Dimethyl Lauramine Oleate, Ammonium Acryloyldimethyltaurate/VP Copolymer, Dimethicone PEG-8 Meadowfoamate, Cetearyl Ethylhexanoate, Propylene Glycol, Triethanolamine, Potassium Sorbate, Phenoxyethanol, Ethylhexylglycerin, Fragrance.",0,0,0,0,0,tech_neck_prevention_kit,nurse_jamie,moisturizer,nurse_jamie_tech_neck_prevention_kit,,,,,,,,,,"-Silicone Wrap: Creates a hydrating climate for intense moisture, -Epidermal Growth Factor: Increases cell renewal, -Plant Stem Cells: Assist in fighting free-radicals and sun damage, -Hyaluronic Acid: Moisturizes the skin and promotes enhanced volume, EGF Botanical Complex: Water;Ethyl Macadamiate;Octyldodecanol;Caprylic/Capric Triglyceride;Oleth-10 Phosphate;Cetyl Esters;Tribehenin PEG-20 Esters;Malus Domestica Fruit Cell Culture Extract;Dimethicone;Hydroxypropyl Cyclodextrin;Palmitoyl Tripeptide-38;Tribehenin;Glyceryl Stearate;Butyrospermum Parkii (Shea Butter);Sodium Polyacrylate;Hydrogenated Polydecene;Trideceth-10;Phospholipids;rH-Oligopeptide-1;Isomalt;Vitis Vinifera (Grape) Fruit Cell Extract;Algae Extract;Camellia Sinensis Leaf Extract;Tetrahexyldecyl Ascorbate;Panthenol;Sodium PCA;Sodium Hyaluronate;Xantham Gum;Glycerin;Lecithin;Allantoin;Dimethyl Lauramine Oleate;Ammonium Acryloyldimethyltaurate/VP Copolymer;Dimethicone PEG-8 Meadowfoamate;Cetearyl Ethylhexanoate;Propylene Glycol;Triethanolamine;Potassium Sorbate;Phenoxyethanol;Ethylhexylglycerin;Fragrance,",,,,,,,,,,moisturizer,nan
Moisturizer,LANCER,The Method: Nourish,125,4.5,"Water, Caprylic/Capric Triglyceride,Glycerin, C12-15 Alkyl Benzoate, Dimethicone, Butyrospermum Parkii (Shea) Butter, Squalane, Cetyl Alcohol, Glyceryl Stearate, PEG-100 Stearate, Stearic Acid, Dimethicone Crosspolymer, Cetyl Phosphate, Vitis Vinifera (Grape) Juice Extract, Tropaeolum Majus Extract, Persea Gratissima (Avocado) Oil, Olea Europaea (Olive) Fruit Oil, Hydrolyzed Rice Protein, Hexapeptide-48 HCl, Dipotassium Glycyrrhizate, Sodium Hyaluronate Crosspolymer, Phytosterols, Raspberry Seed Oil/Tocopheryl Succinate Aminopropanediol Esters, Polyglyceryl-4 Diisostearate/Polyhydroxystearate/Sebacate, Carbomer, Ethylhexyl Stearate, Disodium EDTA, Sodium Isostearate, Aminomethyl Propanol, Propanediol, Caprylyl Glycol, Chlorphenesin, Ethylhexylglycerin, Phenoxyethanol, Pentylene Glycol, Fragrance, Limonene.",1,1,1,1,1,the_method:_nourish,lancer,moisturizer,lancer_the_method:_nourish,0.0,169.0,2952.0,4.5503,1.7,Moisturizers,73.53,2.69,5.72,"Caprylic/Capric Triglyceride;Glycerin;C12-15 Alkyl Benzoate;Dimethicone;Butyrospermum Parkii (Shea) Butter;Squalane;Cetyl Alcohol;Glyceryl Stearate;PEG-100 Stearate;Stearic Acid;Dimethicone Crosspolymer;Cetyl Phosphate;Vitis Vinifera (Grape) Juice Extract;Tropaeolum Majus Extract;Persea Gratissima (Avocado) Oil;Olea Europaea (Olive) Fruit Oil;Hydrolyzed Rice Protein;Hexapeptide-48 HCl;Dipotassium Glycyrrhizate;Sodium Hyaluronate Crosspolymer;Phytosterols;Raspberry Seed Oil/Tocopheryl Succinate Aminopropanediol Esters;Polyglyceryl-4 Diisostearate/Polyhydroxystearate/Sebacate;Carbomer;Ethylhexyl Stearate;Disodium EDTA;Sodium Isostearate;Aminomethyl Propanol;Propanediol;Caprylyl Glycol;Chlorphenesin;Ethylhexylglycerin;Phenoxyethanol;Pentylene Glycol;Fragrance;Limonene,",0.0,169.0,2952.0,4.5503,1.7,Moisturizers,73.53,2.69,5.72,moisturizer,Very Low (0 - 3k)
Moisturizer,LANCÔME,BIENFAIT MULTI-VITAL NIGHT - High Potency Night Moisturizing Cream VITA-NUTRI 8™,52,4.5,"Water, Dimethicone, Hydrogenated Polyisobutene, Mineral Oil, Glycerin, Cetyl Alcohol, Butylene Glycol, Peg-100 Stearate, Glyceryl Stearate, Rice Bran Oil, Corn Oil, Hydroxyethylpiperazine Ethane Sulfonic Acid, Yellow 6, Yellow 5, C13-14 Isoparaffin, Tocopheryl Acetate, Tocopherol, Ascorbyl Glucoside, Hydroxycitronellal, Phenoxyethanol, Magnesium Aspartate, Wheat Germ Oil, Polyacrylamide, Chlorhexidine Digluconate, Polycaprolactone, Panthenol, Pentaerythrityl Tetra-Di-T-Butyl Hydroxyhydrocinnamate, Benzyl Salicylate, Benzyl Alcohol, Linalool, Zinc Gluconate, Caprylyl Glycol, Alpha-Isomethyl Ionone, Copper Gluconate, Sorbitan Tristearate, Microcrystalline Wax, Paraffin, Sesame Seed Oil, Retinyl Palmitate, Butylphenyl Methylpropional, Laureth-7, Hexyl Cinnamal, Soybean Oil, Fragrance.",0,0,0,0,0,bienfait_multi_vital_night_high_potency_night_moisturizing_cream_vita_nutri_8,lancôme,moisturizer,lancôme_bienfait_multi_vital_night_high_potency_night_moisturizing_cream_vita_nutri_8,,,,,,,,,,"Dimethicone;Hydrogenated Polyisobutene;Mineral Oil;Glycerin;Cetyl Alcohol;Butylene Glycol;Peg-100 Stearate;Glyceryl Stearate;Rice Bran Oil;Corn Oil;Hydroxyethylpiperazine Ethane Sulfonic Acid;Yellow 6;Yellow 5;C13-14 Isoparaffin;Tocopheryl Acetate;Tocopherol;Ascorbyl Glucoside;Hydroxycitronellal;Phenoxyethanol;Magnesium Aspartate;Wheat Germ Oil;Polyacrylamide;Chlorhexidine Digluconate;Polycaprolactone;Panthenol;Pentaerythrityl Tetra-Di-T-Butyl Hydroxyhydrocinnamate;Benzyl Salicylate;Benzyl Alcohol;Linalool;Zinc Gluconate;Caprylyl Glycol;Alpha-Isomethyl Ionone;Copper Gluconate;Sorbitan Tristearate;Microcrystalline Wax;Paraffin;Sesame Seed Oil;Retinyl Palmitate;Butylphenyl Methylpropional;Laureth-7;Hexyl Cinnamal;Soybean Oil;Fragrance,",0.0,100.0,7274.0,4.49,1.69,,31.95,4.49,1.37,moisturizer,nan
Moisturizer,TATCHA,Gold Camellia Beauty Oil,95,4.6,"Caprylic/Capric Triglyceride, Ethylhexyl Palmitate, Squalane (Olive Origin), Camellia Japonica Seed Oil, Fragrance (Natural), Polyglyceryl-10 Pentaisostearate, Dimer Dilinoleyl Dimer Dilinoleate, Phytosteryl Macadamiate (Macadamia), Oryza Sativa (Rice) Germ Oil, Water, Tocopherol, Stearyl Glycyrrhetinate (Licorice Extract), Oryzanol (Rice Bran Oil Extract), Inositol (Rice Extract), Camellia Sinensis (Green Tea) Leaf Extract, Alcohol, Glycerin, Algae Extract, Gold, Phenoxyethanol.",1,1,1,1,1,gold_camellia_beauty_oil,tatcha,moisturizer,tatcha_gold_camellia_beauty_oil,1.0,122.0,30100.0,4.6557,1.0,Moisturizers,95.0,3.82,0.41,"Caprylic/Capric Triglyceride;Ethylhexyl Palmitate;Squalane (Olive Origin);Camellia Japonica Seed Oil;Fragrance (Natural);Polyglyceryl-10 Pentaisostearate;Dimer Dilinoleyl Dimer Dilinoleate;Phytosteryl Macadamiate (Macadamia);Oryza Sativa (Rice) Germ Oil;Tocopherol;Stearyl Glycyrrhetinate (Licorice Extract);Oryzanol (Rice Bran Oil Extract);Inositol (Rice Extract);Camellia Sinensis (Green Tea) Leaf Extract;Alcohol;Glycerin;Algae Extract;Gold;Phenoxyethanol,",1.0,122.0,30100.0,4.6557,1.0,Moisturizers,95.0,3.82,0.41,moisturizer,Very High (26k - 193k)
Moisturizer,DR. DENNIS GROSS SKINCARE,Ferulic + Retinol Wrinkle Recovery Overnight Serum,88,4.4,"Water, DiCaprylyl Carbonate, Niacinamide, Cetyl Alcohol, Propanediol, Isostearyl Alcohol, Jojoba Esters, Retinol, Ferulic Acid, Collagen Amino Acids, Sodium Hyaluronate, Hexylresorcinol, Ellagic Acid, Gallic Acid, Silybum Marianum Ethyl Ester, Tocopherol, Phospholipids, Camellia Sinensis Leaf Extract, Linoleic Acid, Linolenic Acid, Mandelic Acid, Lactic Acid, Sodium PCA, Retinyl Palmitate/Carrot Polypeptide, Retinyl Palmitate, Glycerin, Evodia Rutaecarpa Fruit Extract, Helianthus Annuus (Sunflower) Seed Wax, Acacia Decurrens Flower Wax, Glycine Soja (Soybean) Oil, Caprylic/Capric Triglyceride, Polyglycerin-3, Tricaprylin, Acrylates/Carbamate Copolymer, Butylene Glycol, BHT, Butylene Glycol Cocoate, Acrylates/C10-30 Alkyl Acrylate Crosspolymer, Polymethyl Methacrylate, Xanthan Gum, Ethylcellulose, Disodium EDTA, Sodium Hydroxide, Citrus Aurantium Bergamia (Bergamot) Fruit Extract, Citrus Limon (Lemon) Peel Extract, Lavandula Angustifolia (Lavender) Flower/Leaf/Stem Extract, Octoxynol-9, Phenoxyethanol.",1,1,1,1,1,ferulic_retinol_wrinkle_recovery_overnight_serum,dr._dennis_gross_skincare,moisturizer,dr._dennis_gross_skincare_ferulic_retinol_wrinkle_recovery_overnight_serum,0.0,78.0,10538.0,4.2564,1.0,Moisturizers,88.0,5.46,0.74,"DiCaprylyl Carbonate;Niacinamide;Cetyl Alcohol;Propanediol;Isostearyl Alcohol;Jojoba Esters;Retinol;Ferulic Acid;Collagen Amino Acids;Sodium Hyaluronate;Hexylresorcinol;Ellagic Acid;Gallic Acid;Silybum Marianum Ethyl Ester;Tocopherol;Phospholipids;Camellia Sinensis Leaf Extract;Linoleic Acid;Linolenic Acid;Mandelic Acid;Lactic Acid;Sodium PCA;Retinyl Palmitate/Carrot Polypeptide;Retinyl Palmitate;Glycerin;Evodia Rutaecarpa Fruit Extract;Helianthus Annuus (Sunflower) Seed Wax;Acacia Decurrens Flower Wax;Glycine Soja (Soybean) Oil;Caprylic/Capric Triglyceride;Polyglycerin-3;Tricaprylin;Acrylates/Carbamate Copolymer;Butylene Glycol;BHT;Butylene Glycol Cocoate;Acrylates/C10-30 Alkyl Acrylate Crosspolymer;Polymethyl Methacrylate;Xanthan Gum;Ethylcellulose;Disodium EDTA;Sodium Hydroxide;Citrus Aurantium Bergamia (Bergamot) Fruit Extract;Citrus Limon (Lemon) Peel Extract;Lavandula Angustifolia (Lavender) Flower/Leaf/Stem Extract;Octoxynol-9;Phenoxyethanol,",0.0,78.0,10538.0,4.2564,1.0,Moisturizers,88.0,5.46,0.74,moisturizer,Medium (7k - 13k)
Moisturizer,SMASHBOX,Camera Ready CC Cream Broad Spectrum SPF 30 Dark Spot Correcting,42,3.9,"Octinoxate 7.50%, Octisalate 4.00%, Oxybenzone 2.50%, Titanium Dioxide 1.10%, Water, Dimethicone, Butylene Glycol, Propanediol, Glyceryl Stearate, Phenyl Trimethicone, Behenyl Alcohol, Trioctyldodecyl Citrate, Polymethylsilsesquioxane, Ascorbyl Glucoside, Peg-40 Stearate, Polyglyceryl-10 Pentastearate, Octyldodecyl Stearoyl Stearate, Hordeum Vulgare (Barley) Extract/Extrait D'Orge, Triticum Vulgare (Wheat) Germ Extract, Glycyrrhiza Glabra (Licorice) Root Extract, Pyrus Malus (Apple) Fruit Extract, Cucumis Sativus (Cucumber) Fruit Extract, Octyldodecyl Neopentanoate, Ammonium Acryloyldimethyltaurate/Vp Copolymer, Polyglyceryl-6 Polyricinoleate, Laminaria Saccharina Extract, Glycyrrhetinic Acid, Sucrose, Scutellaria Baicalensis Root Extract, Lecithin, Sodium Stearoyl Lactylate, Caffeine, Acetyl Hexapeptide-8, Cholesterol, Tocopheryl Acetate, Tetrahexyldecyl Ascorbate, Tocopheryl Linoleate/Oleate, Linoleic Acid, Dimethoxytolyl Propylresorcinol, Squalane, Sodium Pca, Urea, Bisabolol, Isopropyl Titanium Triisostearate, Glycerin, Oryzanol, Sodium Hyaluronate, Trehalose, Polyquaternium-51, Stearic Acid, Silica, Ergothioneine, Xanthan Gum, Pentaerythrityl Tetra-Di-T-Butyl Hydroxyhydrocinnamate, Alumina, Disodium Edta, Phenoxyethanol, Sodium Dehydroacetate, Chlorphenesin, [+/- Iron Oxides (Ci 77492), Zinc Oxide (Ci 77497), Titanium Dioxide (Ci 77891), Iron Oxides (Ci 77491), Iron Oxides (Ci 77499)]",1,1,1,1,1,camera_ready_cc_cream_broad_spectrum_spf_30_dark_spot_correcting,smashbox,moisturizer,smashbox_camera_ready_cc_cream_broad_spectrum_spf_30_dark_spot_correcting,0.0,1000.0,28900.0,3.929,1.0,Moisturizers,42.0,0.39,3.46,"Octinoxate 7,50%;Octisalate 4,00%;Oxybenzone 2,50%;Titanium Dioxide 1,10%;Dimethicone;Butylene Glycol;Propanediol;Glyceryl Stearate;Phenyl Trimethicone;Behenyl Alcohol;Trioctyldodecyl Citrate;Polymethylsilsesquioxane;Ascorbyl Glucoside;Peg-40 Stearate;Polyglyceryl-10 Pentastearate;Octyldodecyl Stearoyl Stearate;Hordeum Vulgare (Barley) Extract/Extrait D'Orge;Triticum Vulgare (Wheat) Germ Extract;Glycyrrhiza Glabra (Licorice) Root Extract;Pyrus Malus (Apple) Fruit Extract;Cucumis Sativus (Cucumber) Fruit Extract;Octyldodecyl Neopentanoate;Ammonium Acryloyldimethyltaurate/Vp Copolymer;Polyglyceryl-6 Polyricinoleate;Laminaria Saccharina Extract;Glycyrrhetinic Acid;Sucrose;Scutellaria Baicalensis Root Extract;Lecithin;Sodium Stearoyl Lactylate;Caffeine;Acetyl Hexapeptide-8;Cholesterol;Tocopheryl Acetate;Tetrahexyldecyl Ascorbate;Tocopheryl Linoleate/Oleate;Linoleic Acid;Dimethoxytolyl Propylresorcinol;Squalane;Sodium Pca;Urea;Bisabolol;Isopropyl Titanium Triisostearate;Glycerin;Oryzanol;Sodium Hyaluronate;Trehalose;Polyquaternium-51;Stearic Acid;Silica;Ergothioneine;Xanthan Gum;Pentaerythrityl Tetra-Di-T-Butyl Hydroxyhydrocinnamate;Alumina;Disodium Edta;Phenoxyethanol;Sodium Dehydroacetate;Chlorphenesin;[+/- Iron Oxides (Ci 77492);Zinc Oxide (Ci 77497);Titanium Dioxide (Ci 77891);Iron Oxides (Ci 77491);Iron Oxides (Ci 77499)]",0.0,1000.0,28900.0,3.929,1.0,Moisturizers,42.0,0.39,3.46,moisturizer,Very High (26k - 193k)
Moisturizer,L'OCCITANE,Immortelle Divine Cream,110,3.9,"Water**, C12-15 Alkyl Benzoate, Caprylic/Capric Triglyceride**, Glycerin**, Oenothera Biennis (Evening Primrose) Oil*, Dimethicone, Cetearyl Alcohol**, Tapioca Starch**, Ascorbyl Glucoside**, Glyceryl Stearate, Camelina Sativa Seed Oil**, Hydroxyethyl Acrylate/Sodium Acryloyldimethyl Taurate Copolymer, Cetyl Alcohol**, Helichrysum Italicum Flower Oil*, Myrtus Communis Oil*, Borago Officinalis Seed Oil*, Helichrysum Italicum Extract*, Echium Plantagineum Seed Oil**, Menyanthes Trifoliata Leaf Extract**, Bellis Perennis (Daisy) Flower Extract**, Helianthus Annuus (Sunflower) Seed Oil**, Rosmarinus Officinalis (Rosemary) Leaf Extract**, Mel/Honey**, Polysorbate 60**, Sodium Hyaluronate**, Sodium Citrate**, Palmitic Acid**, Cetyl Palmitate**, Cetearyl Glucoside**, Stearic Acid, Glyceryl Linoleate, Sucrose Palmitate, Sorbitan Isostearate, Copper Gluconate, Magnesium Aspartate, Peg-100 Stearate, Disodium Edta, Ethylhexylglycerin, Phenoxyethanol, Chlorphenesin, Potassium Sorbate, Sodium Benzoate, Tocopheryl Acetate, Zinc Gluconate, Tocopherol, Parfum/Fragrance, Linalool, Benzyl Salicylate, Limonene, Geraniol, Citral.",0,0,0,0,0,immortelle_divine_cream,l'occitane,moisturizer,l'occitane_immortelle_divine_cream,0.0,139.0,4702.0,3.8993,1.7,Moisturizers,64.71,2.81,2.96,"Water**;C12-15 Alkyl Benzoate;Caprylic/Capric Triglyceride**;Glycerin**;Oenothera Biennis (Evening Primrose) Oil*;Dimethicone;Cetearyl Alcohol**;Tapioca Starch**;Ascorbyl Glucoside**;Glyceryl Stearate;Camelina Sativa Seed Oil**;Hydroxyethyl Acrylate/Sodium Acryloyldimethyl Taurate Copolymer;Cetyl Alcohol**;Helichrysum Italicum Flower Oil*;Myrtus Communis Oil*;Borago Officinalis Seed Oil*;Helichrysum Italicum Extract*;Echium Plantagineum Seed Oil**;Menyanthes Trifoliata Leaf Extract**;Bellis Perennis (Daisy) Flower Extract**;Helianthus Annuus (Sunflower) Seed Oil**;Rosmarinus Officinalis (Rosemary) Leaf Extract**;Mel/Honey**;Polysorbate 60**;Sodium Hyaluronate**;Sodium Citrate**;Palmitic Acid**;Cetyl Palmitate**;Cetearyl Glucoside**;Stearic Acid;Glyceryl Linoleate;Sucrose Palmitate;Sorbitan Isostearate;Copper Gluconate;Magnesium Aspartate;Peg-100 Stearate;Disodium Edta;Ethylhexylglycerin;Phenoxyethanol;Chlorphenesin;Potassium Sorbate;Sodium Benzoate;Tocopheryl Acetate;Zinc Gluconate;Tocopherol;Parfum/Fragrance;Linalool;Benzyl Salicylate;Limonene;Geraniol;Citral,",0.0,139.0,4702.0,3.8993,1.7,Moisturizers,64.71,2.81,2.96,moisturizer,Low (3k - 7k)
Moisturizer,ESTÉE LAUDER,Advanced Time Zone Night Age Reversing Line/Wrinkle Crème,80,4.7,"Adv Timezone Night Age Rvr Lw Crm Division: El (Estee Lauder)Ingredients: Water , Bis-Diglyceryl Polyacyladipate-2 , Hdi/Ppg/Polycaprolactone Crosspolymer , Simmondsia Chinensis (Jojoba) Seed Oil , Glycerin , Caprylic/Capric Triglyceride , C12-20 Acid Peg-8 Ester , Dimethicone , Butylene Glycol , Sucrose , Cetyl Alcohol , Citrullus Vulgaris (Watermelon) Fruit Extract , Sigesbeckia Orientalis (St. Paul'S Wort) Extract , Pyrus Malus (Apple) Fruit Extract , Lens Esculenta (Lentil) Fruit Extract , Centaurium Erythraea (Centaury) Extract , Hordeum Vulgare (Barley) Extract/Extrait D'Orge , Cucumis Sativus (Cucumber) Fruit Extract , Tamarindus Indica Seed Extract , Salicornia Herbacea Extract , Polygonum Cuspidatum Root Extract , Vitis Vinifera (Grape) Seed Extract , Hydrolyzed Rice Extract , Rosmarinus Officinalis (Rosemary) Extract , Selaginella Tamariscina (Spike Moss) Extract , Humulus Lupulus (Hops) Extract , Citrus Reticulata (Tangerine) Peel Extract , Rhodochrosite Extract , Cucumis Melo (Melon) Fruit Extract , Yeast Extract/Faex/Extrait De Levure , Limonium Vulgare Flower/Leaf/Stem Extract , Whey Protein/Lactis Protein/Proteine Du Petit-Lait , Thermus Thermophillus Ferment , Persea Gratissima (Avocado) Oil , Punica Granatum (Pomegranate) Fruit Juice , Cholesterol , Linoleic Acid , Caffeine , Acetyl Glucosamine , Linolenic Acid , Adenosine Phosphate , Phospholipids , Acetyl Hexapeptide-8 , Ammonium Acryloyldimethyltaurate/Vp Copolymer , Behenyl Alcohol , Saccharide Isomerate , Peg-100 Stearate , Phytosterols , Tocopheryl Acetate , Triolein , Glyceryl Stearate , Trehalose , Potassium Cetyl Phosphate , Caprylyl Glycol , Propylene Glycol Dicaprate , Sodium Pca , Helianthus Annuus (Sunflower) Seedcake , Propylene Glycol Dicaprylate , Xanthan Gum , Acrylates/C10-30 Alkyl Acrylate Crosspolymer , Sodium Hyaluronate , Sodium Lactate , Dipalmitoyl Hydroxyproline , Phytosteryl Canola Glycerides , Oleic Acid , Palmitic Acid , Stearic Acid , Potassium Sulfate , Acrylamide/Sodium Acryloyldimethyltaurate Copolymer , Decarboxy Carnosine Hcl , Isohexadecane , Nordihydroguaiaretic Acid , Carbomer , Polysorbate 80 , Cyclodextrin , Fragrance , Silica , Ethylbisiminomethylguaiacol Manganese Chloride , Sodium Hydroxide , Phenoxyethanol , Red 33 (Ci 17200) , Blue 1 (Ci 42090)",0,0,0,0,0,advanced_time_zone_night_age_reversing_line_wrinkle_crème,estée_lauder,moisturizer,estée_lauder_advanced_time_zone_night_age_reversing_line_wrinkle_crème,,,,,,,,,,"Adv Timezone Night Age Rvr Lw Crm Division: El (Estee Lauder)Ingredients: Water;Bis-Diglyceryl Polyacyladipate-2;Hdi/Ppg/Polycaprolactone Crosspolymer;Simmondsia Chinensis (Jojoba) Seed Oil;Glycerin;Caprylic/Capric Triglyceride;C12-20 Acid Peg-8 Ester;Dimethicone;Butylene Glycol;Sucrose;Cetyl Alcohol;Citrullus Vulgaris (Watermelon) Fruit Extract;Sigesbeckia Orientalis (St, Paul'S Wort) Extract;Pyrus Malus (Apple) Fruit Extract;Lens Esculenta (Lentil) Fruit Extract;Centaurium Erythraea (Centaury) Extract;Hordeum Vulgare (Barley) Extract/Extrait D'Orge;Cucumis Sativus (Cucumber) Fruit Extract;Tamarindus Indica Seed Extract;Salicornia Herbacea Extract;Polygonum Cuspidatum Root Extract;Vitis Vinifera (Grape) Seed Extract;Hydrolyzed Rice Extract;Rosmarinus Officinalis (Rosemary) Extract;Selaginella Tamariscina (Spike Moss) Extract;Humulus Lupulus (Hops) Extract;Citrus Reticulata (Tangerine) Peel Extract;Rhodochrosite Extract;Cucumis Melo (Melon) Fruit Extract;Yeast Extract/Faex/Extrait De Levure;Limonium Vulgare Flower/Leaf/Stem Extract;Whey Protein/Lactis Protein/Proteine Du Petit-Lait;Thermus Thermophillus Ferment;Persea Gratissima (Avocado) Oil;Punica Granatum (Pomegranate) Fruit Juice;Cholesterol;Linoleic Acid;Caffeine;Acetyl Glucosamine;Linolenic Acid;Adenosine Phosphate;Phospholipids;Acetyl Hexapeptide-8;Ammonium Acryloyldimethyltaurate/Vp Copolymer;Behenyl Alcohol;Saccharide Isomerate;Peg-100 Stearate;Phytosterols;Tocopheryl Acetate;Triolein;Glyceryl Stearate;Trehalose;Potassium Cetyl Phosphate;Caprylyl Glycol;Propylene Glycol Dicaprate;Sodium Pca;Helianthus Annuus (Sunflower) Seedcake;Propylene Glycol Dicaprylate;Xanthan Gum;Acrylates/C10-30 Alkyl Acrylate Crosspolymer;Sodium Hyaluronate;Sodium Lactate;Dipalmitoyl Hydroxyproline;Phytosteryl Canola Glycerides;Oleic Acid;Palmitic Acid;Stearic Acid;Potassium Sulfate;Acrylamide/Sodium Acryloyldimethyltaurate Copolymer;Decarboxy Carnosine Hcl;Isohexadecane;Nordihydroguaiaretic Acid;Carbomer;Polysorbate 80;Cyclodextrin;Fragrance;Silica;Ethylbisiminomethylguaiacol Manganese Chloride;Sodium Hydroxide;Phenoxyethanol;Red 33 (Ci 17200);Blue 1 (Ci 42090)",0.0,26.0,6317.0,4.5385,1.7,,47.06,17.46,0.41,moisturizer,nan
Moisturizer,KATE SOMERVILLE,Oil Free Moisturizer,65,4.2,"Water, Isocetyl Stearate, Pentaerythrityl Tetracaprylate/Tetracaprate, C12-15 Alkyl Benzoate, Polyamide-5, Xylitylglucoside, Anhydroxylitol, Xylitol, Dipalmitoyl Hydroxyproline, PEG/PPG-18/18 Dimethicone, Behenyl Alcohol, Pullulan, Cetearyl Ethylhexanoate, Sodium Polyacrylate, Dimethicone, Cyclopentasiloxane, Butylene Glycol, Trideceth-6, Algae Extract, Triethanolamine, Ahnfeltiopsis Concinna Extract, Ethylhexylglycerin, Phenoxyethanol, Adenosine.",1,0,1,1,0,oil_free_moisturizer,kate_somerville,moisturizer,kate_somerville_oil_free_moisturizer,0.0,665.0,15115.0,4.1729,1.7,Moisturizers,38.24,0.63,4.4,"Isocetyl Stearate;Pentaerythrityl Tetracaprylate/Tetracaprate;C12-15 Alkyl Benzoate;Polyamide-5;Xylitylglucoside;Anhydroxylitol;Xylitol;Dipalmitoyl Hydroxyproline;PEG/PPG-18/18 Dimethicone;Behenyl Alcohol;Pullulan;Cetearyl Ethylhexanoate;Sodium Polyacrylate;Dimethicone;Cyclopentasiloxane;Butylene Glycol;Trideceth-6;Algae Extract;Triethanolamine;Ahnfeltiopsis Concinna Extract;Ethylhexylglycerin;Phenoxyethanol;Adenosine,",0.0,665.0,15115.0,4.1729,1.7,Moisturizers,38.24,0.63,4.4,moisturizer,High (13k - 26k)
Moisturizer,SUPERGOOP!,CC Cream Daily Correct Broad Spectrum SPF 35+ Sunscreen,34,4.4,"Water, Cyclopentasiloxane, Propanediol, Dimethicone, Iron Oxides, Lauryl PEG-9 Polydimethylsiloxyethyl Dimethicone, Glycerin, Phenoxyethanol, Pyrus Malus (Apple) Fruit Extract, Sodium Chloride, Mica, Dimethicone/PEG-10/15 Crosspolymer, Titanium Dioxide, Triethoxycaprylylsilane, Silica, Dimethicone/Vinyl Dimethicone Crosspolymer, Chondrus Crispus Extract, Tetrasodium EDTA, Hydrolyzed Chondrus Crispus Extract, Methylisothiazolinone, Tin Oxide, Sodium Hyaluronate.",1,1,1,1,1,cc_cream_daily_correct_broad_spectrum_spf_35_sunscreen,supergoop!,moisturizer,supergoop!_cc_cream_daily_correct_broad_spectrum_spf_35_sunscreen,1.0,542.0,32289.0,4.3413,1.6,Moisturizers,21.25,0.8,1.68,"Cyclopentasiloxane;Propanediol;Dimethicone;Iron Oxides;Lauryl PEG-9 Polydimethylsiloxyethyl Dimethicone;Glycerin;Phenoxyethanol;Pyrus Malus (Apple) Fruit Extract;Sodium Chloride;Mica;Dimethicone/PEG-10/15 Crosspolymer;Titanium Dioxide;Triethoxycaprylylsilane;Silica;Dimethicone/Vinyl Dimethicone Crosspolymer;Chondrus Crispus Extract;Tetrasodium EDTA;Hydrolyzed Chondrus Crispus Extract;Methylisothiazolinone;Tin Oxide;Sodium Hyaluronate,",1.0,542.0,32289.0,4.3413,1.6,Moisturizers,21.25,0.8,1.68,moisturizer,Very High (26k - 193k)
Moisturizer,ALGENIST,Overnight Restorative Cream,94,4.4,"Water, Isopropyl Isostearate, Butyrospermum Parkii Butter (Butyrospermum Parkii (Shea Butter)), Glycerin, Stearic Acid, Squalane, Butylene Glycol, Dimethicone, Glyceryl Stearate SE, Cetearyl Alcohol, Dimethicone Crosspolymer, Ascorbyl Glucoside, Pentylene Glycol, Algae Exopolysaccharides, Algae Extract, Tocopheryl Acetate, Citrullus Vulgaris Fruit Extract (Citrullus Vulgaris (Watermelon) Fruit Extract), Lens Esculenta Fruit Extract (Lens Esculenta (Lentil) Fruit Extract), Oleanolic Acid, Palmitoyl Oligopeptide, Palmitoyl Tetrapeptide-7, Pyrus Malus Fruit Extract (Pyrus Malus (Apple) Fruit Extract), Enantia Chlorantha Bark Extract, Crithmum Maritimum Extract, Silybum Marianum Seed Oil, Caprylic/Capric Triglyceride, Ceteareth-20, Dimethicone, Acrylates/C10-30 Alkyl Acrylate Crosspolymer, Sodium Hydroxide, Caprylyl Glycol, Hydrogenated Vegetable Oil, Hexylene Glycol, Phenoxyethanol, Disodium EDTA, Fragrance, Sodium PCA, Carbomer, Polysorbate 20, Sodium Lactate, Ethylhexylglycerin.",0,0,0,0,0,overnight_restorative_cream,algenist,moisturizer,algenist_overnight_restorative_cream,0.0,229.0,7646.0,4.4192,2.0,Moisturizers,47.0,1.93,3.0,"Isopropyl Isostearate;Butyrospermum Parkii Butter (Butyrospermum Parkii (Shea Butter));Glycerin;Stearic Acid;Squalane;Butylene Glycol;Dimethicone;Glyceryl Stearate SE;Cetearyl Alcohol;Dimethicone Crosspolymer;Ascorbyl Glucoside;Pentylene Glycol;Algae Exopolysaccharides;Algae Extract;Tocopheryl Acetate;Citrullus Vulgaris Fruit Extract (Citrullus Vulgaris (Watermelon) Fruit Extract);Lens Esculenta Fruit Extract (Lens Esculenta (Lentil) Fruit Extract);Oleanolic Acid;Palmitoyl Oligopeptide;Palmitoyl Tetrapeptide-7;Pyrus Malus Fruit Extract (Pyrus Malus (Apple) Fruit Extract);Enantia Chlorantha Bark Extract;Crithmum Maritimum Extract;Silybum Marianum Seed Oil;Caprylic/Capric Triglyceride;Ceteareth-20;Dimethicone;Acrylates/C10-30 Alkyl Acrylate Crosspolymer;Sodium Hydroxide;Caprylyl Glycol;Hydrogenated Vegetable Oil;Hexylene Glycol;Phenoxyethanol;Disodium EDTA;Fragrance;Sodium PCA;Carbomer;Polysorbate 20;Sodium Lactate;Ethylhexylglycerin,",0.0,229.0,7646.0,4.4192,2.0,Moisturizers,47.0,1.93,3.0,moisturizer,Medium (7k - 13k)
Moisturizer,ORIGINS,GinZing™ SPF 40 Energy-Boosting Tinted Moisturizer,39,4.0,"Octinoxate 7.5%, Octisalate 2.0%, Octocrylene 2.0%, Titanium Dioxide 3.0%, Zinc Oxide 3.0%Water, Butylene Glycol, Cetyl Alcohol, Neopentyl Glycol Diheptanoate, C12-15 Alkyl Benzoate, Dimethicone, Laureth-4, Polyethylene, Peg-100 Stearate, Hydrogenated Lecithin, Citrus Limon (Lemon) Peel Oil*, Citrus Grandis (Grapefruit) Peel Oil*, Mentha Viridis (Spearmint) Leaf Oil*, Citrus Aurantium Dulcis (Orange) Peel Oil*, Limonene, Linalool, Citral, Garcinia Mangostana Peel Extract, Panax Ginseng (Ginseng) Root Extract, Citrus Aurantium Amara (Bitter Orange) Flower Wax, Castanea Sativa (Chestnut) Seed Extract, Psidium Guajava (Guava) Fruit Extract, Citrus Aurantium Amara (Bitter Orange) Flower Water, Laminaria Saccharina Extract, Triticum Vulgare (Wheat) Germ Extract, Adenosine Phosphate, Pantethine, Creatine, Hordeum Vulgare (Barley) Extract/Extrait D'Orge, Folic Acid, Tourmaline, Cordyceps Sinensis Extract, Ethylhexylglycerin, Acetyl Carnitine Hcl, Caffeine, Rhodochrosite, Sodium Hyaluronate, Isopropyl Myristate, Hydroxyethyl Acrylate/Sodium Acryloyldimethyl Taurate Copolymer, Trehalose, Polyglyceryl-3 Beeswax, Pvp/Hexadecene Copolymer, Squalane, Caprylyl Glycol, Tocopheryl Acetate, Yeast Extract/Faex/Extrait De Levure, Isostearic Acid, Polymethyl Methacrylate, Dimethicone Silylate, Polyhydroxystearic Acid, Magnesium Ascorbyl Phosphate, Nylon-12, Xanthan Gum, Hexylene Glycol, Polysorbate 60, Silica, Bht, Phenoxyethanol, Iron Oxides (Ci 77491, Ci 77492, Ci 77499), Titanium Dioxide (Ci 77891) * Essential Oil Please be aware that ingredient lists may change or vary from time to time.� Please refer to the ingredient list on the product package you receive for the most up to date list of ingredients.",1,1,1,1,0,ginzing_spf_40_energy_boosting_tinted_moisturizer,origins,moisturizer,origins_ginzing_spf_40_energy_boosting_tinted_moisturizer,,,,,,,,,,"Octinoxate 7,5%;Octisalate 2,0%;Octocrylene 2,0%;Titanium Dioxide 3,0%;Zinc Oxide 3,0%Water;Butylene Glycol;Cetyl Alcohol;Neopentyl Glycol Diheptanoate;C12-15 Alkyl Benzoate;Dimethicone;Laureth-4;Polyethylene;Peg-100 Stearate;Hydrogenated Lecithin;Citrus Limon (Lemon) Peel Oil*;Citrus Grandis (Grapefruit) Peel Oil*;Mentha Viridis (Spearmint) Leaf Oil*;Citrus Aurantium Dulcis (Orange) Peel Oil*;Limonene;Linalool;Citral;Garcinia Mangostana Peel Extract;Panax Ginseng (Ginseng) Root Extract;Citrus Aurantium Amara (Bitter Orange) Flower Wax;Castanea Sativa (Chestnut) Seed Extract;Psidium Guajava (Guava) Fruit Extract;Citrus Aurantium Amara (Bitter Orange) Flower Water;Laminaria Saccharina Extract;Triticum Vulgare (Wheat) Germ Extract;Adenosine Phosphate;Pantethine;Creatine;Hordeum Vulgare (Barley) Extract/Extrait D'Orge;Folic Acid;Tourmaline;Cordyceps Sinensis Extract;Ethylhexylglycerin;Acetyl Carnitine Hcl;Caffeine;Rhodochrosite;Sodium Hyaluronate;Isopropyl Myristate;Hydroxyethyl Acrylate/Sodium Acryloyldimethyl Taurate Copolymer;Trehalose;Polyglyceryl-3 Beeswax;Pvp/Hexadecene Copolymer;Squalane;Caprylyl Glycol;Tocopheryl Acetate;Yeast Extract/Faex/Extrait De Levure;Isostearic Acid;Polymethyl Methacrylate;Dimethicone Silylate;Polyhydroxystearic Acid;Magnesium Ascorbyl Phosphate;Nylon-12;Xanthan Gum;Hexylene Glycol;Polysorbate 60;Silica;Bht;Phenoxyethanol;Iron Oxides (Ci 77491;Ci 77492;Ci 77499);Titanium Dioxide (Ci 77891) * Essential Oil Please be aware that ingredient lists may change or vary from time to time,� Please refer to the ingredient list on the product package you receive for the most up to date list of ingredients,",0.0,2000.0,69203.0,4.4265,1.7,,17.35,0.22,2.89,moisturizer,nan
Moisturizer,CAUDALIE,Premier Cru Cream,140,4.4,"Water, Butylene Glycol*, Caprylic/Capric Triglyceride*, Hydrogenated Ethylhexyl Olivate*, Cetearyl Alcohol*, Cetearyl Glucoside*, Hydrogenated Olive Oil Unsaponifiables*, Niacinamide, Sesamum Indicum (Sesame) Seed Oil*, Vitis Vinifera (Grape) Seed Oil*, Prunus Armeniaca (Apricot) Kernel Oil*, Coco-Caprylate/Caprate*, Glycerin*, Hydrolyzed Hyaluronic Acid*, Palmitoyl Grape Seed Extract*, Palmitoyl Grapevine Shoot Extract*, Hydrogenated Apricot Kernel Oil*, Helianthus Annuus (Sunflower) Seed Oil*, Palmitoyl Tripeptide-1, Palmitoyl Tetrapeptide-7*, Tocopherol*, Sodium Carboxymethyl Beta-Glucan, Adenosine, Pentaerythrityl Distearate, Potassium Cetyl Phosphate, Carbomer, Caprylyl Glycol, Sorbitan Isostearate*, Parfum (Fragrance), Ethylhexyl Palmitate, Xanthan Gum, Potassium Sorbate, Lecithin*, Tribehenin*, Sodium Hydroxide, Sodium Phytate*, Lactic Acid, Citronellol, Coumarin, Geraniol, Linalool. *Plant Origin.",1,1,1,1,1,premier_cru_cream,caudalie,moisturizer,caudalie_premier_cru_cream,1.0,21.0,2501.0,4.4286,1.7,Moisturizers,82.35,21.09,0.84,"Butylene Glycol*;Caprylic/Capric Triglyceride*;Hydrogenated Ethylhexyl Olivate*;Cetearyl Alcohol*;Cetearyl Glucoside*;Hydrogenated Olive Oil Unsaponifiables*;Niacinamide;Sesamum Indicum (Sesame) Seed Oil*;Vitis Vinifera (Grape) Seed Oil*;Prunus Armeniaca (Apricot) Kernel Oil*;Coco-Caprylate/Caprate*;Glycerin*;Hydrolyzed Hyaluronic Acid*;Palmitoyl Grape Seed Extract*;Palmitoyl Grapevine Shoot Extract*;Hydrogenated Apricot Kernel Oil*;Helianthus Annuus (Sunflower) Seed Oil*;Palmitoyl Tripeptide-1;Palmitoyl Tetrapeptide-7*;Tocopherol*;Sodium Carboxymethyl Beta-Glucan;Adenosine;Pentaerythrityl Distearate;Potassium Cetyl Phosphate;Carbomer;Caprylyl Glycol;Sorbitan Isostearate*;Parfum (Fragrance);Ethylhexyl Palmitate;Xanthan Gum;Potassium Sorbate;Lecithin*;Tribehenin*;Sodium Hydroxide;Sodium Phytate*;Lactic Acid;Citronellol;Coumarin;Geraniol;Linalool, *Plant Origin,",1.0,21.0,2501.0,4.4286,1.7,Moisturizers,82.35,21.09,0.84,moisturizer,Very Low (0 - 3k)
Moisturizer,CAUDALIE,Resveratrol Lift Face Lifting Soft Cream,76,3.9,"Water, Coco-Caprylate/Caprate*, Caprylic/Capric Triglyceride*, Octyldodecyl Myristate*, Glycerin*, Butyrospermum Parkii (Shea) Butter Extract*, Butylene Glycol, Cetearyl Alcohol*, C12-16 Alcohols*, Methyl Methacrylate Crosspolymer, Vitis Vinifera (Grape) Seed Oil*, Polymethyl Methacrylate, Cetearyl Glucoside*, Polyacrylate Crosspolymer-6, Ci 77891 (Titanium Dioxide), Hydrogenated Lecithin*, Palmitic Acid*, Fragrance, Potassium Cetyl Phosphate, Palmitoyl Grapevine Shoot Extract*, Caprylyl Glycol, Ci 77019 (Mica), Tocopherol*, Helianthus Annuus (Sunflower) Seed Oil*, Sorbitan Laurate*, Xanthan Gum, Hydrolyzed Hyaluronic Acid , Hydroxyethylcellulose*, Acetyl Dipeptide-1 Cetyl Ester, Hyaluronic Acid, Sodium Phytate*, Dehydroacetic Acid, Silica, Sodium Hydroxide, , Tin Oxide, Alcohol*, Citric Acid*, Benzyl Alcohol , Butylphenyl Methylpropional, Coumarin, Limonene, Linalool. *Plant Origin.",1,1,1,0,1,resveratrol_lift_face_lifting_soft_cream,caudalie,moisturizer,caudalie_resveratrol_lift_face_lifting_soft_cream,1.0,111.0,7801.0,3.982,1.7,Moisturizers,44.71,3.59,1.42,"Coco-Caprylate/Caprate*;Caprylic/Capric Triglyceride*;Octyldodecyl Myristate*;Glycerin*;Butyrospermum Parkii (Shea) Butter Extract*;Butylene Glycol;Cetearyl Alcohol*;C12-16 Alcohols*;Methyl Methacrylate Crosspolymer;Vitis Vinifera (Grape) Seed Oil*;Polymethyl Methacrylate;Cetearyl Glucoside*;Polyacrylate Crosspolymer-6;Ci 77891 (Titanium Dioxide);Hydrogenated Lecithin*;Palmitic Acid*;Fragrance;Potassium Cetyl Phosphate;Palmitoyl Grapevine Shoot Extract*;Caprylyl Glycol;Ci 77019 (Mica);Tocopherol*;Helianthus Annuus (Sunflower) Seed Oil*;Sorbitan Laurate*;Xanthan Gum;Hydrolyzed Hyaluronic Acid;Hydroxyethylcellulose*;Acetyl Dipeptide-1 Cetyl Ester;Hyaluronic Acid;Sodium Phytate*;Dehydroacetic Acid;Silica;Sodium Hydroxide;Tin Oxide;Alcohol*;Citric Acid*;Benzyl Alcohol;Butylphenyl Methylpropional;Coumarin;Limonene;Linalool, *Plant Origin,",1.0,111.0,7801.0,3.982,1.7,Moisturizers,44.71,3.59,1.42,moisturizer,Medium (7k - 13k)
Moisturizer,SHISEIDO,White Lucent MultiBright Night Cream,92,4.1,Visit the Shiseido boutique,1,1,1,1,0,white_lucent_multibright_night_cream,shiseido,moisturizer,shiseido_white_lucent_multibright_night_cream,0.0,27.0,4083.0,4.1481,1.7,Moisturizers,54.12,15.36,0.66,Visit the Shiseido boutique,0.0,27.0,4083.0,4.1481,1.7,Moisturizers,54.12,15.36,0.66,moisturizer,Low (3k - 7k)
Moisturizer,DR. DENNIS GROSS SKINCARE,C+ Collagen Deep Cream,72,4.2,"Water, Glycerin, Butylene Glycol, Camellia Japonica Seed Oil, Oryza Sativa (Rice) Bran Oil, Dimethicone, Sucrose, Pentylene Glycol, Helianthus Annuus (Sunflower) Seed Oil, Hydroxyethyl Acrylate/Sodium Acryloyldimethyl Taurate Copolymer, 3-O-Ethyl Ascorbic Acid, Collagen Amino Acids, Niacinamide, Carnitine HCl, Hydroxyproline, Glycine, Carnitine, Squalane, Dipotassium Glycyrrhizate, Tocopherol, Saccharide Isomerate, Acetyl Hexapeptide-8, Superoxide Dismutase, Leuconostoc/Radish Root Ferment Filtrate, Ubiquinone, Aloe Barbadensis Leaf Juice, Camellia Sinensis Leaf Extract, Cucumis Sativus (Cucumber) Fruit Extract, Lactobacillus Ferment, Undaria Pinnatifida Extract, Glycolic Acid, Lecithin, Biotin, Maltodextrin, Elettaria Cardamomum Seed Extract, Pyrus Malus (Apple) Fruit Extract, Rubus Idaeus (Raspberry) Fruit Extract, Cananga Odorata Flower Extract, Citrus Aurantium Amara (Bitter Orange) Flower Extract, Citrus Aurantium Bergamia (Bergamot) Fruit Extract, Coffea Arabica (Coffee) Seed Extract, Cucumis Melo (Melon) Fruit Extract, Cupressus Sempervirens Leaf/Stem Extract, Fucus Vesiculosus Extract, Jasminum Officinale (Jasmine) Flower Extract, Rose Extract, Rosmarinus Officinalis (Rosemary) Leaf Extract, Salvia Officinalis (Sage) Leaf Extract, Santalum Album (Sandalwood) Wood Extract, Triethyl Citrate, Lavandula Angustifolia (Lavender) Flower/Leaf/Stem Extract, 1,2-Hexanediol, Sorbitan Isostearate, Caprylyl Glycol, Hydroxyethylcellulose, Sodium Phytate, Sodium Citrate, Citric Acid, Trisodium EDTA, Ammonium Hydroxide, Tromethamine, Potassium Hydroxide, Polysorbate 60, Carbomer, Alcohol, Disodium Phosphate, Sodium Phosphate, Phenoxyethanol, Potassium Sorbate.",0,1,1,0,1,c_collagen_deep_cream,dr._dennis_gross_skincare,moisturizer,dr._dennis_gross_skincare_c_collagen_deep_cream,,,,,,,,,,"Glycerin;Butylene Glycol;Camellia Japonica Seed Oil;Oryza Sativa (Rice) Bran Oil;Dimethicone;Sucrose;Pentylene Glycol;Helianthus Annuus (Sunflower) Seed Oil;Hydroxyethyl Acrylate/Sodium Acryloyldimethyl Taurate Copolymer;3-O-Ethyl Ascorbic Acid;Collagen Amino Acids;Niacinamide;Carnitine HCl;Hydroxyproline;Glycine;Carnitine;Squalane;Dipotassium Glycyrrhizate;Tocopherol;Saccharide Isomerate;Acetyl Hexapeptide-8;Superoxide Dismutase;Leuconostoc/Radish Root Ferment Filtrate;Ubiquinone;Aloe Barbadensis Leaf Juice;Camellia Sinensis Leaf Extract;Cucumis Sativus (Cucumber) Fruit Extract;Lactobacillus Ferment;Undaria Pinnatifida Extract;Glycolic Acid;Lecithin;Biotin;Maltodextrin;Elettaria Cardamomum Seed Extract;Pyrus Malus (Apple) Fruit Extract;Rubus Idaeus (Raspberry) Fruit Extract;Cananga Odorata Flower Extract;Citrus Aurantium Amara (Bitter Orange) Flower Extract;Citrus Aurantium Bergamia (Bergamot) Fruit Extract;Coffea Arabica (Coffee) Seed Extract;Cucumis Melo (Melon) Fruit Extract;Cupressus Sempervirens Leaf/Stem Extract;Fucus Vesiculosus Extract;Jasminum Officinale (Jasmine) Flower Extract;Rose Extract;Rosmarinus Officinalis (Rosemary) Leaf Extract;Salvia Officinalis (Sage) Leaf Extract;Santalum Album (Sandalwood) Wood Extract;Triethyl Citrate;Lavandula Angustifolia (Lavender) Flower/Leaf/Stem Extract;1,2-Hexanediol;Sorbitan Isostearate;Caprylyl Glycol;Hydroxyethylcellulose;Sodium Phytate;Sodium Citrate;Citric Acid;Trisodium EDTA;Ammonium Hydroxide;Tromethamine;Potassium Hydroxide;Polysorbate 60;Carbomer;Alcohol;Disodium Phosphate;Sodium Phosphate;Phenoxyethanol;Potassium Sorbate,",0.0,178.0,7569.0,4.0393,1.7,Moisturizers,42.35,2.27,2.35,moisturizer,nan
Moisturizer,KORRES,Wild Rose Vitamin C Active Brightening Oil,54,4.4,"Isoamyl Laurate, Caprylic/Capric Triglyceride, Prunus Armeniaca (Apricot) Kernel Oil, Ascorbyl Tetraisopalmitate, Squalane, Helianthus Annuus (Sunflower) Seed Oil, Dimethyl Isosorbide, Rosa Canina Fruit Oil, Rosa Gallica Flower Powder, Alcohol Denat., Water, Bisabolol, Citronellol, Geraniol, Glyceryl Caprylate, Physalis Angulata Extract, Rosa Damascena Flower Oil, Rosmarinus Officinalis (Rosemary) Extract, Tocopherol, Tocopheryl Acetate, Zingiber Officinale (Ginger) Root Extract.",1,1,1,1,1,wild_rose_vitamin_c_active_brightening_oil,korres,moisturizer,korres_wild_rose_vitamin_c_active_brightening_oil,1.0,536.0,40356.0,4.4142,1.01,Moisturizers,53.47,0.82,1.33,"Isoamyl Laurate;Caprylic/Capric Triglyceride;Prunus Armeniaca (Apricot) Kernel Oil;Ascorbyl Tetraisopalmitate;Squalane;Helianthus Annuus (Sunflower) Seed Oil;Dimethyl Isosorbide;Rosa Canina Fruit Oil;Rosa Gallica Flower Powder;Alcohol Denat,;Bisabolol;Citronellol;Geraniol;Glyceryl Caprylate;Physalis Angulata Extract;Rosa Damascena Flower Oil;Rosmarinus Officinalis (Rosemary) Extract;Tocopherol;Tocopheryl Acetate;Zingiber Officinale (Ginger) Root Extract,",1.0,536.0,40356.0,4.4142,1.01,Moisturizers,53.47,0.82,1.33,moisturizer,Very High (26k - 193k)
Moisturizer,CLINIQUE,Limited Edition Dramatically Different™ Moisturizing Gel,39,5.0,"Water, Dimethicone, Isododecane, Butylene Glycol, Bis-Peg-18 Methyl Ether Dimethyl Silane, Glycerin, Laminaria Saccharina Extract, Polygonum Cuspidatum Root Extract, Saccharomyces Lysate Extract, Cucumis Sativus (Cucumber) Fruit Extract, Hordeum Vulgare (Barley) Extract/Extrait D'Orge, Helianthus Annuus (Sunflower) Seedcake, Caffeine, Trehalose, Sodium Hyaluronate, Tocopheryl Acetate, Chamomilla Recutita (Matricaria), Polysilicone-11, Silica, Propylene Glycol Dicaprate, Oleth-10, Lactobacillus Ferment, Laureth-23, Laureth-4, Ammonium Acryloyldimethyltaurate/Vp Copolymer, Carbomer, Caprylyl Glycol, Hexylene Glycol, Tromethamine, Disodium Edta, Phenoxyethanol, Potassium Sorbate, Yellow 5 (Ci 19140), Red 4 (Ci 14700), Yellow 6 (Ci 15985).",1,0,0,1,0,limited_edition_dramatically_different_moisturizing_gel,clinique,moisturizer,clinique_limited_edition_dramatically_different_moisturizing_gel,,,,,,,,,,"Dimethicone;Isododecane;Butylene Glycol;Bis-Peg-18 Methyl Ether Dimethyl Silane;Glycerin;Laminaria Saccharina Extract;Polygonum Cuspidatum Root Extract;Saccharomyces Lysate Extract;Cucumis Sativus (Cucumber) Fruit Extract;Hordeum Vulgare (Barley) Extract/Extrait D'Orge;Helianthus Annuus (Sunflower) Seedcake;Caffeine;Trehalose;Sodium Hyaluronate;Tocopheryl Acetate;Chamomilla Recutita (Matricaria);Polysilicone-11;Silica;Propylene Glycol Dicaprate;Oleth-10;Lactobacillus Ferment;Laureth-23;Laureth-4;Ammonium Acryloyldimethyltaurate/Vp Copolymer;Carbomer;Caprylyl Glycol;Hexylene Glycol;Tromethamine;Disodium Edta;Phenoxyethanol;Potassium Sorbate;Yellow 5 (Ci 19140);Red 4 (Ci 14700);Yellow 6 (Ci 15985),",,,,,,,,,,moisturizer,nan
Moisturizer,SATURDAY SKIN,Waterfall Glacier Water Cream,39,4.6,"Water, Glycerin, Propanediol, 1,2-Hexanediol, Betaine, Pentylene Glycol, Polymehtylsilsequioxane, Sodium Acrylate/Sodium Acryloyldimethyl Taureate Copolymer, Cyclohexasiloxane, Isohexadecane, Hydroxyethyl Acrylate/Soduium Acryloyldimethyl Taurate Copolymer, Cyclopentasiloxane, Isohexadecane, Hydroxyethyl Acrylate/Sodium Acryloyldimethyl Taurate Copolymer, Acrylates/C10-30 Alkyl Acrylate Crosspolymer, Tromethamine, Polysorbate 80, Ethylhexylglycerin, Sorbitan Oleate, Disodium EDTA, Glyceryl Acrylate/Acrylic Acid Copolymer, Caprylyl Glycol, Hydrogenated Lecithin, Cetraria Islandica Extract, Ferment Extract, Xanthan Gum, Phenoxyethanol, Alanine, Proline, Serine, Sodium Phosphate, Sodium Hydroxide, sh-Oligopeptide-1, sh-Polypeptide-1, sh-Oligopeptide-2, sh-Polypeptide-22, sh-Polypeptide-45, sh-Polypeptide-8, sh-Polypeptide-9.",1,1,1,1,1,waterfall_glacier_water_cream,saturday_skin,moisturizer,saturday_skin_waterfall_glacier_water_cream,0.0,1000.0,17714.0,4.5785,1.69,Moisturizers,23.08,0.46,5.65,"Glycerin;Propanediol;1,2-Hexanediol;Betaine;Pentylene Glycol;Polymehtylsilsequioxane;Sodium Acrylate/Sodium Acryloyldimethyl Taureate Copolymer;Cyclohexasiloxane;Isohexadecane;Hydroxyethyl Acrylate/Soduium Acryloyldimethyl Taurate Copolymer;Cyclopentasiloxane;Isohexadecane;Hydroxyethyl Acrylate/Sodium Acryloyldimethyl Taurate Copolymer;Acrylates/C10-30 Alkyl Acrylate Crosspolymer;Tromethamine;Polysorbate 80;Ethylhexylglycerin;Sorbitan Oleate;Disodium EDTA;Glyceryl Acrylate/Acrylic Acid Copolymer;Caprylyl Glycol;Hydrogenated Lecithin;Cetraria Islandica Extract;Ferment Extract;Xanthan Gum;Phenoxyethanol;Alanine;Proline;Serine;Sodium Phosphate;Sodium Hydroxide;sh-Oligopeptide-1;sh-Polypeptide-1;sh-Oligopeptide-2;sh-Polypeptide-22;sh-Polypeptide-45;sh-Polypeptide-8;sh-Polypeptide-9,",0.0,1000.0,17714.0,4.5785,1.69,Moisturizers,23.08,0.46,5.65,moisturizer,High (13k - 26k)
Moisturizer,SHISEIDO,Bio-Performance Glow Revival Cream,105,4.8,"Water, Dipropylene Glycol, Dimethicone, Glycerin, Sd Alcohol 40-B (Alcohol Denat.), Triethylhexanoin, Diphenylsiloxy Phenyl Trimethicone, Hydrogenated Polydecene, Phytosteryl Macadamiate, Dimethicone Crosspolymer, Microcrystalline Wax(Cera Microcristallina/Cire Microcristalline), Behenyl Alcohol, Glyceryl Stearate Se, Talc, Trehalose, Peg/Ppg-14/7 Dimethyl Ether, Hydrogenated Polyisobutene, Methyl Methacrylate Crosspolymer, Stearyl Alcohol, Dimethylacrylamide/Sodium Acryloyldimethyltaurate Crosspolymer, Polysorbate 60, Peg-40 Stearate, Phenoxyethanol, Mica, Titanium Dioxide (Ci 77891), Sorbitan Tristearate, Disodium Edta, Tocopheryl Acetate, Caffeine, Sodium Citrate, Fragrance (Parfum), 2-O-Ethyl Ascorbic Acid, Silica, Butylene Glycol, Sodium Metaphosphate, Limonene, Citric Acid, Xylitol, Oryzanol, Magnesium Ascorbyl Phosphate, Alcohol, Hexyl Cinnamal, Benzyl Benzoate, Butylphenyl Methylpropional, Linalool, Sodium Metabisulfite, Sodium Acetylated Hyaluronate, Iron Oxides (Ci 77491), Alpha-Isomethyl Ionone, Saccharomyces Ferment Lysate Filtrate, Crataegus Monogyna Flower Extract, Citronellol, Geraniol, Dipotassium Glycyrrhizate, Tocopherol, Paeonia Suffruticosa Root Extract, Rehmannia Chinensis Root Extract, Cinnamomum Cassia Bark Extract, Bupleurum Falcatum Root Extract, Camellia Sinensis Leaf Extract.",0,0,0,0,0,bio_performance_glow_revival_cream,shiseido,moisturizer,shiseido_bio_performance_glow_revival_cream,0.0,29.0,3587.0,4.8276,1.7,Moisturizers,63.53,16.65,0.81,"Dipropylene Glycol;Dimethicone;Glycerin;Sd Alcohol 40-B (Alcohol Denat,);Triethylhexanoin;Diphenylsiloxy Phenyl Trimethicone;Hydrogenated Polydecene;Phytosteryl Macadamiate;Dimethicone Crosspolymer;Microcrystalline Wax(Cera Microcristallina/Cire Microcristalline);Behenyl Alcohol;Glyceryl Stearate Se;Talc;Trehalose;Peg/Ppg-14/7 Dimethyl Ether;Hydrogenated Polyisobutene;Methyl Methacrylate Crosspolymer;Stearyl Alcohol;Dimethylacrylamide/Sodium Acryloyldimethyltaurate Crosspolymer;Polysorbate 60;Peg-40 Stearate;Phenoxyethanol;Mica;Titanium Dioxide (Ci 77891);Sorbitan Tristearate;Disodium Edta;Tocopheryl Acetate;Caffeine;Sodium Citrate;Fragrance (Parfum);2-O-Ethyl Ascorbic Acid;Silica;Butylene Glycol;Sodium Metaphosphate;Limonene;Citric Acid;Xylitol;Oryzanol;Magnesium Ascorbyl Phosphate;Alcohol;Hexyl Cinnamal;Benzyl Benzoate;Butylphenyl Methylpropional;Linalool;Sodium Metabisulfite;Sodium Acetylated Hyaluronate;Iron Oxides (Ci 77491);Alpha-Isomethyl Ionone;Saccharomyces Ferment Lysate Filtrate;Crataegus Monogyna Flower Extract;Citronellol;Geraniol;Dipotassium Glycyrrhizate;Tocopherol;Paeonia Suffruticosa Root Extract;Rehmannia Chinensis Root Extract;Cinnamomum Cassia Bark Extract;Bupleurum Falcatum Root Extract;Camellia Sinensis Leaf Extract,",0.0,29.0,3587.0,4.8276,1.7,Moisturizers,63.53,16.65,0.81,moisturizer,Low (3k - 7k)
Moisturizer,SEPHORA COLLECTION,Sleeping Mask,4,4.2,"Water, Butylene Glycol, Glycerin, Betaine, Phenoxyethanol, Acrylates/C10-30 Alkyl Acrylate Crosspolymer, Tremella Fuciformis (Mushroom) Extract, Ethylhexylglycerin, Sodium Hydroxide, Barosma Betulina Leaf Extract, Peg-40 Hydrogenated Castor Oil, Sodium Hyaluronate, Fragrance, Camellia Sinensis Leaf Extract, Citric Acid, Linalool, Potassium Sorbate, Sodium Benzoate, CI 19140 (Yellow 5), CI 42090 (Blue 1).",0,0,0,0,0,sleeping_mask,sephora_collection,moisturizer,sephora_collection_sleeping_mask,0.0,1000.0,193307.0,4.2452,0.27,Moisturizers,14.81,0.42,0.52,"Butylene Glycol;Glycerin;Betaine;Phenoxyethanol;Acrylates/C10-30 Alkyl Acrylate Crosspolymer;Tremella Fuciformis (Mushroom) Extract;Ethylhexylglycerin;Sodium Hydroxide;Barosma Betulina Leaf Extract;Peg-40 Hydrogenated Castor Oil;Sodium Hyaluronate;Fragrance;Camellia Sinensis Leaf Extract;Citric Acid;Linalool;Potassium Sorbate;Sodium Benzoate;CI 19140 (Yellow 5);CI 42090 (Blue 1),",0.0,1000.0,193307.0,4.2452,0.27,Moisturizers,14.81,0.42,0.52,moisturizer,Very High (26k - 193k)
Moisturizer,BELIF,Hungarian Water Essence,42,4.3,"Water, Dipropylene Glycol, Glycerin, 1,2-Hexanediol, Rosmarinus Officinalis (Rosemary) Extract, Centella Asiatica Extract, Lavandula Angustifolia (Lavender) Extract, Salvia Officinalis(Sage) Leaf Extract, Melissa Officinalis Leaf Extract, Achillea Millefolium Extract, Peucedanum Graveolens (Dill) Extract, Alchemilla Vulgaris Extract, Rose Extract, Poncirus Trifoliata Fruit Extract, Portulaca Oleracea Extract, *Avena Sativa (Oat) Kernel Extract, *Calendula Officinalis Flower Extract, *Nepeta Cataria Extract, *Rubus Idaeus (Raspberry) Leaf Extract, *Baptisia Tinctoria Root Extract, *Stellaria Media (Chickweed) Extract, +Alchemilla Vulgaris Leaf Extract, **Equisetum Arvense Leaf Extract, **Urtica Dioica (Nettle) Leaf Extract, **Plantago Lanceolata Leaf Extract, Sodium Hyaluronate, Cyclopentasiloxane, Triethylhexanoin, Tromethamine, Sclerotium Gum, Ammonium Acryloyldimethltaurate/Vp Copolymer, Acrylates/C10-30 Alkyl Acrylate Crosspolymer, Trisodium EDTA, ***Fragrance, Citronnellol, Limonene. *Napiers Original Formula. **Napiers Aqua Formula. ***Fragrances of Natural Origin.",0,0,0,0,0,hungarian_water_essence,belif,moisturizer,belif_hungarian_water_essence,0.0,337.0,21305.0,4.2641,2.53,Moisturizers,16.6,1.27,1.58,"Dipropylene Glycol;Glycerin;1,2-Hexanediol;Rosmarinus Officinalis (Rosemary) Extract;Centella Asiatica Extract;Lavandula Angustifolia (Lavender) Extract;Salvia Officinalis(Sage) Leaf Extract;Melissa Officinalis Leaf Extract;Achillea Millefolium Extract;Peucedanum Graveolens (Dill) Extract;Alchemilla Vulgaris Extract;Rose Extract;Poncirus Trifoliata Fruit Extract;Portulaca Oleracea Extract;*Avena Sativa (Oat) Kernel Extract;*Calendula Officinalis Flower Extract;*Nepeta Cataria Extract;*Rubus Idaeus (Raspberry) Leaf Extract;*Baptisia Tinctoria Root Extract;*Stellaria Media (Chickweed) Extract;+Alchemilla Vulgaris Leaf Extract;**Equisetum Arvense Leaf Extract;**Urtica Dioica (Nettle) Leaf Extract;**Plantago Lanceolata Leaf Extract;Sodium Hyaluronate;Cyclopentasiloxane;Triethylhexanoin;Tromethamine;Sclerotium Gum;Ammonium Acryloyldimethltaurate/Vp Copolymer;Acrylates/C10-30 Alkyl Acrylate Crosspolymer;Trisodium EDTA;***Fragrance;Citronnellol;Limonene, *Napiers Original Formula, **Napiers Aqua Formula, ***Fragrances of Natural Origin,",0.0,337.0,21305.0,4.2641,2.53,Moisturizers,16.6,1.27,1.58,moisturizer,High (13k - 26k)
Moisturizer,JOSIE MARAN,100 percent Pure Argan Oil Light,48,4.4,Argan Oil Isostearyl Esters**. **Natural.,1,1,0,1,1,100_percent_pure_argan_oil_light,josie_maran,moisturizer,josie_maran_100_percent_pure_argan_oil_light,1.0,1000.0,35934.0,4.3933,1.7,Moisturizers,28.82,0.44,2.78,"Argan Oil Isostearyl Esters**, **Natural,",1.0,1000.0,35934.0,4.3933,1.7,Moisturizers,28.82,0.44,2.78,moisturizer,Very High (26k - 193k)
Moisturizer,MILK MAKEUP,Cooling Water,24,3.8,"Water, Butylene Glycol, Bis-PEG-18 Methyl Ether Dimethyl Silane, Sodium Stearate, Pentylene Glycol, Isosteareth-2, Glycerin, Sea Water, Manganese Gluconate, Nylon-12, Caffeine, Phenoxyethanol, Chlorphesin, Blue 1.",1,1,1,1,1,cooling_water,milk_makeup,moisturizer,milk_makeup_cooling_water,0.0,904.0,70120.0,3.7876,1.2,Moisturizers,20.0,0.42,1.29,"Butylene Glycol;Bis-PEG-18 Methyl Ether Dimethyl Silane;Sodium Stearate;Pentylene Glycol;Isosteareth-2;Glycerin;Sea Water;Manganese Gluconate;Nylon-12;Caffeine;Phenoxyethanol;Chlorphesin;Blue 1,",0.0,904.0,70120.0,3.7876,1.2,Moisturizers,20.0,0.42,1.29,moisturizer,Very High (26k - 193k)
Moisturizer,ESTÉE LAUDER,"Resilience Lift Firming/Sculpting Face and Neck Creme Broad Spectrum SPF 15, Normal/Combination Skin",108,4.1,"Res Lift Firm/Sclp Face Nc Spf15 Division: El (Estee Lauder)Active Ingredients: Avobenzone 3.00% , Octisalate 5.00% , Octocrylene 2.70%Ingredients: Water , Neopentyl Glycol Diheptanoate , Cetyl Alcohol , Pentaerythrityl Tetraethylhexanoate , Glycerin , Polyethylene , Butyloctyl Salicylate , Di-C12-15 Alkyl Fumarate , Petrolatum , Hydrogenated Lecithin , Butylene Glycol , Propanediol , Hydrogenated Polyisobutene , Octyldodecyl Myristate , Hexyldecyl Stearate , Dimethicone , Glyceryl Stearate , Laminaria Digitata Extract , Behenyl Alcohol , Algae Extract , Persea Gratissima (Avocado) Oil , Coleus Barbatus Extract , Cucumis Melo (Melon) Fruit Extract , Potato Starch Modified , Mimosa Tenuiflora Bark Extract , Yeast Extract/Faex/Extrait De Levure , Plankton Extract , Aminopropyl Ascorbyl Phosphate , Thermus Thermophillus Ferment , Saccharomyces Ferment Lysate Filtrate , Artemia Extract , C12-16 Alcohols , Acetyl Glucosamine , Linoleic Acid , Whey Protein/Lactis Protein/Proteine Du Petit-Lait , Peg-100 Stearate , Tocopheryl Acetate , Caffeine , Ergothioneine , Glycine Soja (Soybean) Sterols , Decarboxy Carnosine Hcl , Palmitic Acid , Creatine , Ethylhexylglycerin , Polymethyl Methacrylate , Trehalose , Glucose , Sodium Hyaluronate , Sorbitol , Zinc Pca , Cholesterol , Malachite , Acetyl Hexapeptide-8 , Maltodextrin , Lecithin , Acrylamide/Sodium Acryloyldimethyltaurate Copolymer , Isohexadecane , Sodium Hydroxide , Polysorbate 80 , Lactoperoxidase , Hexylene Glycol , Hydrogenated Starch Hydrolysate , Potassium Sulfate , Glucose Oxidase , Polysilicone-11 , Propylene Glycol Dicaprylate , Xanthan Gum , Caprylyl Glycol , Citric Acid , Fragrance , Bht , Disodium Edta , Phenoxyethanol , Potassium Sorbate , Mica , Titanium Dioxide (Ci 77891) , Red 4 (Ci 14700) , Yellow 5 (Ci 19140)",0,0,0,0,0,"resilience_lift_firming_sculpting_face_and_neck_creme_broad_spectrum_spf_15,_normal_combination_skin",estée_lauder,moisturizer,"estée_lauder_resilience_lift_firming_sculpting_face_and_neck_creme_broad_spectrum_spf_15,_normal_combination_skin",,,,,,,,,,"Res Lift Firm/Sclp Face Nc Spf15 Division: El (Estee Lauder)Active Ingredients: Avobenzone 3,00%;Octisalate 5,00%;Octocrylene 2,70%Ingredients: Water;Neopentyl Glycol Diheptanoate;Cetyl Alcohol;Pentaerythrityl Tetraethylhexanoate;Glycerin;Polyethylene;Butyloctyl Salicylate;Di-C12-15 Alkyl Fumarate;Petrolatum;Hydrogenated Lecithin;Butylene Glycol;Propanediol;Hydrogenated Polyisobutene;Octyldodecyl Myristate;Hexyldecyl Stearate;Dimethicone;Glyceryl Stearate;Laminaria Digitata Extract;Behenyl Alcohol;Algae Extract;Persea Gratissima (Avocado) Oil;Coleus Barbatus Extract;Cucumis Melo (Melon) Fruit Extract;Potato Starch Modified;Mimosa Tenuiflora Bark Extract;Yeast Extract/Faex/Extrait De Levure;Plankton Extract;Aminopropyl Ascorbyl Phosphate;Thermus Thermophillus Ferment;Saccharomyces Ferment Lysate Filtrate;Artemia Extract;C12-16 Alcohols;Acetyl Glucosamine;Linoleic Acid;Whey Protein/Lactis Protein/Proteine Du Petit-Lait;Peg-100 Stearate;Tocopheryl Acetate;Caffeine;Ergothioneine;Glycine Soja (Soybean) Sterols;Decarboxy Carnosine Hcl;Palmitic Acid;Creatine;Ethylhexylglycerin;Polymethyl Methacrylate;Trehalose;Glucose;Sodium Hyaluronate;Sorbitol;Zinc Pca;Cholesterol;Malachite;Acetyl Hexapeptide-8;Maltodextrin;Lecithin;Acrylamide/Sodium Acryloyldimethyltaurate Copolymer;Isohexadecane;Sodium Hydroxide;Polysorbate 80;Lactoperoxidase;Hexylene Glycol;Hydrogenated Starch Hydrolysate;Potassium Sulfate;Glucose Oxidase;Polysilicone-11;Propylene Glycol Dicaprylate;Xanthan Gum;Caprylyl Glycol;Citric Acid;Fragrance;Bht;Disodium Edta;Phenoxyethanol;Potassium Sorbate;Mica;Titanium Dioxide (Ci 77891);Red 4 (Ci 14700);Yellow 5 (Ci 19140)",0.0,3.0,784.0,3.3333,1.7,Moisturizers,48.24,111.11,0.38,moisturizer,nan
Moisturizer,ESTÉE LAUDER,Resilience Lift Night Lifting/Firming Face and Neck Creme,92,4.2,Visit the Estée Lauder boutique,1,1,1,1,0,resilience_lift_night_lifting_firming_face_and_neck_creme,estée_lauder,moisturizer,estée_lauder_resilience_lift_night_lifting_firming_face_and_neck_creme,,,,,,,,,,Visit the Estée Lauder boutique,0.0,9.0,1346.0,3.8889,1.7,Moisturizers,54.12,43.21,0.67,moisturizer,nan
Moisturizer,OLEHENRIKSEN,Truth Revealed™ Brightening Broad Spectrum SPF 15 Moisturizer,55,4.2,"Water, Cocoglycerides, Ethylhexyl Salicylate, Ethylhexyl Methoxycinnamate, Glycerin, Cetearyl Alcohol, Butyl Methoxydibenzoylmethane, Glyceryl Stearate, Ceteareth-20, PEG-100 Stearate, Dimethicone, Phenoxyethanol, Parfum/Fragrance, Tetrahexyldecyl Ascorbate, Polyacrylate-13, Aminomethyl Propanol, Pullulan, Plukenetia Volubilis Seed Oil, Carbomer, Vaccinium Myrtillus (Bilberry) Fruit Extract, Tocopheryl Acetate, Polyisobutene, Allantoin, Saccharum Officinarum (Sugar Cane) Extract, Ethylhexylglycerin, Potassium Sorbate, Bisabolol, Nannochloropsis Oculata Extract, Tetrasodium Glutamate Diacetate, Citrus Aurantium Dulcis (Orange) Fruit Extract, Citrus Limon (Lemon) Fruit Extract, Polysorbate 20, Aroma/Flavor, Sorbitan Isostearate, Acer Saccharum (Sugar Maple) Extract, Aloe Barbadensis Leaf Juice, Avena Sativa (Oat) Kernel Extract, Chamomilla Recutita (Matricaria) Flower Extract, Corylus Americana (Hazel) Seed Extract, Daucus Carota Sativa (Carrot) Root Extract, Palmitoyl Tripeptide-5, Chondrus Crispus (Carrageenan) Extract, Sodium Benzoate, BHT, Schinus Terebinthifolius Seed Extract, Sodium Hydroxide, Citric Acid, Calcium Ascorbate, Sodium Hyaluronate, Tocopherol, Benzyl Benzoate, Citral, Limonene, Linalool, Benzyl Alcohol.",1,1,1,1,1,truth_revealed_brightening_broad_spectrum_spf_15_moisturizer,olehenriksen,moisturizer,olehenriksen_truth_revealed_brightening_broad_spectrum_spf_15_moisturizer,,,,,,,,,,"Cocoglycerides;Ethylhexyl Salicylate;Ethylhexyl Methoxycinnamate;Glycerin;Cetearyl Alcohol;Butyl Methoxydibenzoylmethane;Glyceryl Stearate;Ceteareth-20;PEG-100 Stearate;Dimethicone;Phenoxyethanol;Parfum/Fragrance;Tetrahexyldecyl Ascorbate;Polyacrylate-13;Aminomethyl Propanol;Pullulan;Plukenetia Volubilis Seed Oil;Carbomer;Vaccinium Myrtillus (Bilberry) Fruit Extract;Tocopheryl Acetate;Polyisobutene;Allantoin;Saccharum Officinarum (Sugar Cane) Extract;Ethylhexylglycerin;Potassium Sorbate;Bisabolol;Nannochloropsis Oculata Extract;Tetrasodium Glutamate Diacetate;Citrus Aurantium Dulcis (Orange) Fruit Extract;Citrus Limon (Lemon) Fruit Extract;Polysorbate 20;Aroma/Flavor;Sorbitan Isostearate;Acer Saccharum (Sugar Maple) Extract;Aloe Barbadensis Leaf Juice;Avena Sativa (Oat) Kernel Extract;Chamomilla Recutita (Matricaria) Flower Extract;Corylus Americana (Hazel) Seed Extract;Daucus Carota Sativa (Carrot) Root Extract;Palmitoyl Tripeptide-5;Chondrus Crispus (Carrageenan) Extract;Sodium Benzoate;BHT;Schinus Terebinthifolius Seed Extract;Sodium Hydroxide;Citric Acid;Calcium Ascorbate;Sodium Hyaluronate;Tocopherol;Benzyl Benzoate;Citral;Limonene;Linalool;Benzyl Alcohol,",0.0,399.0,11596.0,4.2431,1.7,,32.35,1.06,3.44,moisturizer,nan
Moisturizer,DIOR,Capture Totale Multi-Perfection Creme,165,4.4,Visit the Dior boutique,0,0,0,0,0,capture_totale_multi_perfection_creme,dior,moisturizer,dior_capture_totale_multi_perfection_creme,0.0,42.0,4239.0,4.4048,2.0,Moisturizers,82.5,10.49,0.99,Visit the Dior boutique,0.0,42.0,4239.0,4.4048,2.0,Moisturizers,82.5,10.49,0.99,moisturizer,Low (3k - 7k)
Moisturizer,CLINIQUE,Moisture Surge Hydrating Supercharged Concentrate,39,4.0,"Water , Glycerin , Butylene Glycol , Phenyl Trimethicone , Propanediol , Sucrose , Hydroxyethyl Urea , Alteromonas Ferment Extract , Hydrolyzed Rice Extract , Acetyl Glucosamine , Trehalose , Algae Extract , Caffeine , Cholesterol , Aloe Barbadensis Leaf Water , Sodium Hyaluronate , Pentaerythrityl Tetraethylhexanoate , Dextrin Palmitate , Acrylates/C10-30 Alkyl Acrylate Crosspolymer , Sorbitol , Sodium Polyaspartate , Tocopheryl Acetate , Carbomer , Dehydroxanthan Gum , Citric Acid , Tetrahexyldecyl Ascorbate , Benzophenone-4 , Pentaerythrityl Tetra-Di-T-Butyl Hydroxyhydrocinnamate , Sodium Hydroxide , Sodium Citrate , Disodium Edta , Bht , Chlorphenesin , Phenoxyethanol , Red 4 (Ci 14700) , Yellow 5 (Ci 19140)",1,1,1,1,1,moisture_surge_hydrating_supercharged_concentrate,clinique,moisturizer,clinique_moisture_surge_hydrating_supercharged_concentrate,0.0,189.0,16328.0,3.9788,1.6,Moisturizers,24.38,2.11,1.16,Glycerin;Butylene Glycol;Phenyl Trimethicone;Propanediol;Sucrose;Hydroxyethyl Urea;Alteromonas Ferment Extract;Hydrolyzed Rice Extract;Acetyl Glucosamine;Trehalose;Algae Extract;Caffeine;Cholesterol;Aloe Barbadensis Leaf Water;Sodium Hyaluronate;Pentaerythrityl Tetraethylhexanoate;Dextrin Palmitate;Acrylates/C10-30 Alkyl Acrylate Crosspolymer;Sorbitol;Sodium Polyaspartate;Tocopheryl Acetate;Carbomer;Dehydroxanthan Gum;Citric Acid;Tetrahexyldecyl Ascorbate;Benzophenone-4;Pentaerythrityl Tetra-Di-T-Butyl Hydroxyhydrocinnamate;Sodium Hydroxide;Sodium Citrate;Disodium Edta;Bht;Chlorphenesin;Phenoxyethanol;Red 4 (Ci 14700);Yellow 5 (Ci 19140),0.0,189.0,16328.0,3.9788,1.6,Moisturizers,24.38,2.11,1.16,moisturizer,High (13k - 26k)
Moisturizer,PHILOSOPHY,Miraculous Anti-wrinkle Miracle Worker,60,4.3,Visit the philosophy boutique,1,1,1,1,1,miraculous_anti_wrinkle_miracle_worker,philosophy,moisturizer,philosophy_miraculous_anti_wrinkle_miracle_worker,,,,,,,,,,Visit the philosophy boutique,,,,,,,,,,moisturizer,nan
Moisturizer,KIEHL'S SINCE 1851,Ultra Facial Overnight Hydrating Mask,35,4.4,"Water Glycerin, Propylene Glycol, Squalane, Shea Butter, Triethanolamine, Carbomer, Urea, Dimethicone, Hydroxyethylpiperazine Ethane Sulfonic Acid, Phenoxyethanol, Caprylyl Glycol, Imperata Cylindrica Root Extract, Ophiopogon Japonicus Root Extract, Sodium Citrate, Citric Acid, Aluminum Starch Octenylsuccinate, Chlorphenesin, Pseudoalteromonas Ferment Extract, Disodium Edta, Acrylates/C10-30 Alkyl Acrylate Crosspolymer.",1,1,1,1,1,ultra_facial_overnight_hydrating_mask,kiehl's_since_1851,moisturizer,kiehl's_since_1851_ultra_facial_overnight_hydrating_mask,0.0,51.0,10664.0,4.4118,4.2,Moisturizers,8.33,8.65,0.48,"Water Glycerin;Propylene Glycol;Squalane;Shea Butter;Triethanolamine;Carbomer;Urea;Dimethicone;Hydroxyethylpiperazine Ethane Sulfonic Acid;Phenoxyethanol;Caprylyl Glycol;Imperata Cylindrica Root Extract;Ophiopogon Japonicus Root Extract;Sodium Citrate;Citric Acid;Aluminum Starch Octenylsuccinate;Chlorphenesin;Pseudoalteromonas Ferment Extract;Disodium Edta;Acrylates/C10-30 Alkyl Acrylate Crosspolymer,",0.0,51.0,10664.0,4.4118,4.2,Moisturizers,8.33,8.65,0.48,moisturizer,Medium (7k - 13k)
Moisturizer,SK-II,Cellumination Cream EX,160,4.3,"Water, Galactomyces Ferment Filtrate (Pitera), Glycerin, Niacinamide, Butylene Glycol, Pentylene Glycol, Diphenylsiloxy Phenyl Trimethicone, Glycereth-25 PCA Isostearate, Dipotassium Glycyrrhizate, Ascorbyl Glucoside, Centella Asiatica Extract, Nylon-12, Sodium Hyaluronate, Saccharomyces Cerevisiae Extract, Acrylates/C10-30 Alkyl Acrylate Crosspolymer, Aminomethyl Propanol, Disodium EDTA, Xanthan Gum, Benzyl Alcohol, Sodium Benzoate, Phenoxyethanol, Methylparaben, Fragrance.",1,1,1,1,1,cellumination_cream_ex,sk_ii,moisturizer,sk_ii_cellumination_cream_ex,0.0,100.0,3843.0,4.32,1.6,Moisturizers,100.0,4.32,2.6,"Galactomyces Ferment Filtrate (Pitera);Glycerin;Niacinamide;Butylene Glycol;Pentylene Glycol;Diphenylsiloxy Phenyl Trimethicone;Glycereth-25 PCA Isostearate;Dipotassium Glycyrrhizate;Ascorbyl Glucoside;Centella Asiatica Extract;Nylon-12;Sodium Hyaluronate;Saccharomyces Cerevisiae Extract;Acrylates/C10-30 Alkyl Acrylate Crosspolymer;Aminomethyl Propanol;Disodium EDTA;Xanthan Gum;Benzyl Alcohol;Sodium Benzoate;Phenoxyethanol;Methylparaben;Fragrance,",0.0,100.0,3843.0,4.32,1.6,Moisturizers,100.0,4.32,2.6,moisturizer,Low (3k - 7k)
Moisturizer,LANCÔME,BIENFAIT MULTI-VITAL - SPF 30 CREAM - High Potency Vitamin Enriched Daily Moisturizing Cream,49,4.3,"Water, Dimethicone, Glycerin, Alcohol Denat., Vp/Eicosene Copolymer, Hydrogenated Polyisobutene, Aluminum Starch Octenylsuccinate, Sucrose Stearate, Silica, Poly C10-30 Alkyl Acrylate, Ribes Nigrum (Black Currant) Seed Oil, Tocopheryl Acetate, Ascorbyl Glucoside, Sodium Polyacrylate, Sodium Hydroxide, Hydroxycitronellal, Hydroxyisohexyl 3-Cyclohexene Carboxaldehyde, Phenoxyethanol, Stearic Acid, Thermus Thermophillus Ferment, Eugenol, Ethylparaben, Triethanolamine, Palmitic Acid, Helianthus Annuus (Sunflower) Seed Oil, Dimethiconol, Panthenol, Xanthan Gum, Benzyl Salicylate, Benzyl Alcohol, Linalool, Oxothiazolidinecarboxylic Acid, Caprylyl Glycol, Alpha-Isomethyl Ionone, Acrylates/C10-30 Alkyl Acrylate Crosspolymer, Geraniol, Moringa Pterygosperma Seed Extract, Disodium Edta, Castanea Sativa (Chestnut) Seed Extract, Rosa Canina Fruit Oil, Methylparaben, Citronellol, Hexyldecanol, Hexyldecyl Laurate, Hexyl Cinnamal. Fragrance.",0,0,0,0,0,bienfait_multi_vital_spf_30_cream_high_potency_vitamin_enriched_daily_moisturizing_cream,lancôme,moisturizer,lancôme_bienfait_multi_vital_spf_30_cream_high_potency_vitamin_enriched_daily_moisturizing_cream,,,,,,,,,,"Dimethicone;Glycerin;Alcohol Denat,;Vp/Eicosene Copolymer;Hydrogenated Polyisobutene;Aluminum Starch Octenylsuccinate;Sucrose Stearate;Silica;Poly C10-30 Alkyl Acrylate;Ribes Nigrum (Black Currant) Seed Oil;Tocopheryl Acetate;Ascorbyl Glucoside;Sodium Polyacrylate;Sodium Hydroxide;Hydroxycitronellal;Hydroxyisohexyl 3-Cyclohexene Carboxaldehyde;Phenoxyethanol;Stearic Acid;Thermus Thermophillus Ferment;Eugenol;Ethylparaben;Triethanolamine;Palmitic Acid;Helianthus Annuus (Sunflower) Seed Oil;Dimethiconol;Panthenol;Xanthan Gum;Benzyl Salicylate;Benzyl Alcohol;Linalool;Oxothiazolidinecarboxylic Acid;Caprylyl Glycol;Alpha-Isomethyl Ionone;Acrylates/C10-30 Alkyl Acrylate Crosspolymer;Geraniol;Moringa Pterygosperma Seed Extract;Disodium Edta;Castanea Sativa (Chestnut) Seed Extract;Rosa Canina Fruit Oil;Methylparaben;Citronellol;Hexyldecanol;Hexyldecyl Laurate;Hexyl Cinnamal, Fragrance,",0.0,184.0,5762.0,4.3315,1.69,,29.59,2.35,3.19,moisturizer,nan
Moisturizer,CAUDALIE,Vine[activ] Overnight Detox Oil,50,4.5,"Caprylic/Capric Triglyceride, Vitis Vinifera (Grape) Seed Oil, Prunus Amygdalus Dulcis (Sweet Almond) Oil*, Rosa Canina Fruit Oil*, Citrus Aurantium Amara (Bitter Orange) Leaf/Twig Oil*, Daucus Carota Sativa (Carrot) Seed Oil, Santalum Album (Sandalwood) Oil, Helianthus Annuus (Sunflower) Seed Oil, Citrus Aurantium Amara (Bitter Orange) Flower Oil*, Lavandula Angustifolia (Lavender) Oil*, Rosmarinus Officinalis (Rosemary) Leaf Extract, Citral, Limonene, Geraniol, Linalool, Farnesol (07-49-05) *.",1,1,1,1,1,vine[activ]_overnight_detox_oil,caudalie,moisturizer,caudalie_vine[activ]_overnight_detox_oil,1.0,128.0,18466.0,4.4766,1.0,Moisturizers,50.0,3.5,0.69,"Caprylic/Capric Triglyceride;Vitis Vinifera (Grape) Seed Oil;Prunus Amygdalus Dulcis (Sweet Almond) Oil*;Rosa Canina Fruit Oil*;Citrus Aurantium Amara (Bitter Orange) Leaf/Twig Oil*;Daucus Carota Sativa (Carrot) Seed Oil;Santalum Album (Sandalwood) Oil;Helianthus Annuus (Sunflower) Seed Oil;Citrus Aurantium Amara (Bitter Orange) Flower Oil*;Lavandula Angustifolia (Lavender) Oil*;Rosmarinus Officinalis (Rosemary) Leaf Extract;Citral;Limonene;Geraniol;Linalool;Farnesol (07-49-05) *,",1.0,128.0,18466.0,4.4766,1.0,Moisturizers,50.0,3.5,0.69,moisturizer,High (13k - 26k)
Moisturizer,CLARINS,Extra-Firming Neck Anti-Wrinkle Rejuvenating Cream,90,4.1,"Water, Dimethicone, Cetearyl Isononanoate, Glycerin, Alcohol, Cetearyl Alcohol, Cetearyl Ethylhexanoate, C14-22 Alcohols, Cetearyl Glucoside, Phenoxyethanol, Fragrance, C12-20 Alkyl Glucoside, Hdi/Trimethylol Hexyllactone Crosspolymer, Carbomer, Tromethamine, Tocopheryl Acetate, Ethylhexylglycerin, Avena Sativa (Oat) Kernel Extract, Disodium Edta, Hydrolyzed Ulva Lactuca Extract, Potassium Cetyl Phosphate, Musa Sapientum (Banana) Fruit Extract, Bht, Helianthus Annuus (Sunflower) Extract, Silica, Thymus Citriodorus Flower/Leaf Extract, Sodium Benzoate, Steareth-20, Potassium Sorbate, Ci 15985/Yellow 6.",1,1,1,1,1,extra_firming_neck_anti_wrinkle_rejuvenating_cream,clarins,moisturizer,clarins_extra_firming_neck_anti_wrinkle_rejuvenating_cream,0.0,91.0,6413.0,4.1209,1.6,Moisturizers,56.25,4.53,1.42,"Dimethicone;Cetearyl Isononanoate;Glycerin;Alcohol;Cetearyl Alcohol;Cetearyl Ethylhexanoate;C14-22 Alcohols;Cetearyl Glucoside;Phenoxyethanol;Fragrance;C12-20 Alkyl Glucoside;Hdi/Trimethylol Hexyllactone Crosspolymer;Carbomer;Tromethamine;Tocopheryl Acetate;Ethylhexylglycerin;Avena Sativa (Oat) Kernel Extract;Disodium Edta;Hydrolyzed Ulva Lactuca Extract;Potassium Cetyl Phosphate;Musa Sapientum (Banana) Fruit Extract;Bht;Helianthus Annuus (Sunflower) Extract;Silica;Thymus Citriodorus Flower/Leaf Extract;Sodium Benzoate;Steareth-20;Potassium Sorbate;Ci 15985/Yellow 6,",0.0,91.0,6413.0,4.1209,1.6,Moisturizers,56.25,4.53,1.42,moisturizer,Low (3k - 7k)
Moisturizer,AMOREPACIFIC,MOISTURE BOUND Rejuvenating Crème,150,4.1,"Phyllostachis Bambusoides Juice, Butylene Glycol, Water, Alcohol, Glycerin, Butylene Glycol Dicaprylate/Dicaprate, Dimethicone, Pentaerythrityl Tetraethylhexanoate, Squalane, Caprylic/Capric Triglyceride, Camellia Sinensis Leaf Extract, Cetearyl Alcohol, C14-22 Alcohols, Opuntia Coccinellifera Fruit Extract, Glycine Soja (Soybean) Seed Extract, Nelumbo Nucifera Flower Extract, Hydrolyzed Phyllostachis Bambusoides, Hydrolyzed Camellia Sinensis Leaf, Sodium Hyaluronate, Beta-Glucan, Hydroxypropyl Bispalmitamide Mea, Theanine, Camellia Sinensis Flower Extract, Kaempferol, Epigallocatechin Gallate, Xylitylglucoside, Anhydroxylitol, Xylitol, Stearyl Behenate, Cyclopentasiloxane, Cetearyl Olivate, Stearic Acid, Sorbitan Olivate, Dimethiconol, Limnanthes Alba (Meadowfoam) Seed Oil, Propanediol, Glyceryl Stearate, Peg-100 Stearate, Polyacrylate-13, C12-20 Alkyl Glucoside, Hydroxyethyl Acrylate/Sodium Acryloyldimethyl Taurate Copolymer, Polyglyceryl-3 Methylglucose Distearate, Polyisobutene, Tocopherol, Polysorbate 20, Ethylhexylglycerin, Peg-15 Pentaerythrityl Tetra(Laureth-6 Carboxylate), Phytantriol, Poloxamer 407, Inulin Lauryl Carbamate, Ammonium Acryloyldimethyltaurate/Vp Copolymer, Caffeine, Disodium Edta, Phenoxyethanol, Fragrance.",1,1,1,0,1,moisture_bound_rejuvenating_crème,amorepacific,moisturizer,amorepacific_moisture_bound_rejuvenating_crème,,,,,,,,,,"Phyllostachis Bambusoides Juice;Butylene Glycol;Alcohol;Glycerin;Butylene Glycol Dicaprylate/Dicaprate;Dimethicone;Pentaerythrityl Tetraethylhexanoate;Squalane;Caprylic/Capric Triglyceride;Camellia Sinensis Leaf Extract;Cetearyl Alcohol;C14-22 Alcohols;Opuntia Coccinellifera Fruit Extract;Glycine Soja (Soybean) Seed Extract;Nelumbo Nucifera Flower Extract;Hydrolyzed Phyllostachis Bambusoides;Hydrolyzed Camellia Sinensis Leaf;Sodium Hyaluronate;Beta-Glucan;Hydroxypropyl Bispalmitamide Mea;Theanine;Camellia Sinensis Flower Extract;Kaempferol;Epigallocatechin Gallate;Xylitylglucoside;Anhydroxylitol;Xylitol;Stearyl Behenate;Cyclopentasiloxane;Cetearyl Olivate;Stearic Acid;Sorbitan Olivate;Dimethiconol;Limnanthes Alba (Meadowfoam) Seed Oil;Propanediol;Glyceryl Stearate;Peg-100 Stearate;Polyacrylate-13;C12-20 Alkyl Glucoside;Hydroxyethyl Acrylate/Sodium Acryloyldimethyl Taurate Copolymer;Polyglyceryl-3 Methylglucose Distearate;Polyisobutene;Tocopherol;Polysorbate 20;Ethylhexylglycerin;Peg-15 Pentaerythrityl Tetra(Laureth-6 Carboxylate);Phytantriol;Poloxamer 407;Inulin Lauryl Carbamate;Ammonium Acryloyldimethyltaurate/Vp Copolymer;Caffeine;Disodium Edta;Phenoxyethanol;Fragrance,",0.0,174.0,4848.0,4.0977,1.7,,88.24,2.36,3.59,moisturizer,nan
Moisturizer,FRESH,Crème Ancienne® Soft Cream,145,4.2,"-Meadowfoam Seed Oil: A unique fatty acid, which is easily absorbed by the skin to provide supreme nourishment. -Echinacea Extract: Helps to improve the skin’s resilience to environmental aggressors and promote a radiant glow. -Vitamin E: Offers antioxidant protection against wrinkle-causing free radicals. -Chamomile Wax: Helps to decrease dry spots, soften the skin, and create a light, moisture-preserving veil.",0,0,0,0,0,crème_ancienne_soft_cream,fresh,moisturizer,fresh_crème_ancienne_soft_cream,,,,,,,,,,"-Meadowfoam Seed Oil: A unique fatty acid;which is easily absorbed by the skin to provide supreme nourishment, -Echinacea Extract: Helps to improve the skin’s resilience to environmental aggressors and promote a radiant glow, -Vitamin E: Offers antioxidant protection against wrinkle-causing free radicals, -Chamomile Wax: Helps to decrease dry spots;soften the skin;and create a light;moisture-preserving veil,",0.0,37.0,4239.0,4.2432,1.0,,148.0,11.47,0.87,moisturizer,nan
Moisturizer,ERBORIAN,BB Crème au Ginseng,39,4.4,"Water, Cyclomethicone, Glycerin, Peg-10 Dimethicone, Dipropylene Glycol, Di-Methicone, Talc, Isoeicosane, Hexyl Laurate, Disteardimonium Hectorite, Betaine, Panax Ginseng Root Extract, Glycyrrhiza Glabra (Licorice) Root Extract, Portulaca Oleracea Extract, Dioscorea Villosa (Wild Yam) Root Extract, Mequisetum Giganteum Extract, Kigelia Africana Fruit Extract, Hydrogenated Starch Hydrolysate, Ethylhexylglycerin, Tocopheryl Acetate, Magne, Sium Sulfate, Silica, Glycosyl Trehalose, Aluminum Hydroxide, Palmitic Acid, Stearic Acid, Phenoxyethanol , Butylene Glycol, Acrylates/Dimethicone Co -Polymer, Dimethicone /Vinyl Di-Methicone Crosspolymer, Methicone, Vinyl Dimethicone /Methicone Silsesquioxane Crosspolymer, Fragrance, Alpha-Isomethyl Ionone, Hexyl Cinnamal, Linalool, Citronellol, Geraniol , Eugenol, Limonene, Ci 77492/Iron Oxides , Ci 77499/Iron Oxides, Ci 77491/Iron Oxide.",1,1,1,1,1,bb_crème_au_ginseng,erborian,moisturizer,erborian_bb_crème_au_ginseng,,,,,,,,,,"Cyclomethicone;Glycerin;Peg-10 Dimethicone;Dipropylene Glycol;Di-Methicone;Talc;Isoeicosane;Hexyl Laurate;Disteardimonium Hectorite;Betaine;Panax Ginseng Root Extract;Glycyrrhiza Glabra (Licorice) Root Extract;Portulaca Oleracea Extract;Dioscorea Villosa (Wild Yam) Root Extract;Mequisetum Giganteum Extract;Kigelia Africana Fruit Extract;Hydrogenated Starch Hydrolysate;Ethylhexylglycerin;Tocopheryl Acetate;Magne;Sium Sulfate;Silica;Glycosyl Trehalose;Aluminum Hydroxide;Palmitic Acid;Stearic Acid;Phenoxyethanol;Butylene Glycol;Acrylates/Dimethicone Co -Polymer;Dimethicone /Vinyl Di-Methicone Crosspolymer;Methicone;Vinyl Dimethicone /Methicone Silsesquioxane Crosspolymer;Fragrance;Alpha-Isomethyl Ionone;Hexyl Cinnamal;Linalool;Citronellol;Geraniol;Eugenol;Limonene;Ci 77492/Iron Oxides;Ci 77499/Iron Oxides;Ci 77491/Iron Oxide,",0.0,259.0,21377.0,4.3784,1.5,Moisturizers,26.0,1.69,1.21,moisturizer,nan
Moisturizer,DR. JART+,Black Label Detox BB Beauty Balm,36,4.1,"Water, Cyclopentasiloxane, Dimethicone, Butylene Glycol, Cyclohexasiloxane, Butylene Glycol Dicaprylate/Dicaprate, Cetyl PEG/PPG-10/1 Dimethicone, Glycerin, Sodium Chloride, Silica, Arbutin, Iron Oxides, Disteardimonium Hectorite, Calcium Stearate, Dimethicone/Vinyl Dimethicone, Crosspolymer, Talc, Sorbitan Olivate, Caprylyl Glycol, Polyglyceryl-4 Isostearate, Hexyl Laurate, Propylene Carbonate, Triethoxycaprylylsilane, Phenoxyethanol, Ethlhexylglycerin, Tocopheryl Acetate, Hydrogren Dimethicone, Aluminum Hydroxide, Sorbitan Isostearate, Ozokerite, Diisostearyl Malate Beeswax, 1,2-Hexanediol, Disodium EDTA, Ubiquinone, Anthemis Nobilis Flower Extract, Camellia Sinensis Leaf Extract, Caviar Extract, Propylene Glycol, Portulaca Oleracea Extract, Alcohol, Ginkgo Biloba Leaf Extract, Aloe Barbadensis Leaf Juice, Glyceryl Caprylate, Potassium Sorbate, Hydrolyzed Collagen, Sodium Benzoate.",1,0,1,0,1,black_label_detox_bb_beauty_balm,dr._jart,moisturizer,dr._jart_black_label_detox_bb_beauty_balm,0.0,1000.0,23736.0,4.1337,1.5,Moisturizers,24.0,0.41,4.21,"Cyclopentasiloxane;Dimethicone;Butylene Glycol;Cyclohexasiloxane;Butylene Glycol Dicaprylate/Dicaprate;Cetyl PEG/PPG-10/1 Dimethicone;Glycerin;Sodium Chloride;Silica;Arbutin;Iron Oxides;Disteardimonium Hectorite;Calcium Stearate;Dimethicone/Vinyl Dimethicone;Crosspolymer;Talc;Sorbitan Olivate;Caprylyl Glycol;Polyglyceryl-4 Isostearate;Hexyl Laurate;Propylene Carbonate;Triethoxycaprylylsilane;Phenoxyethanol;Ethlhexylglycerin;Tocopheryl Acetate;Hydrogren Dimethicone;Aluminum Hydroxide;Sorbitan Isostearate;Ozokerite;Diisostearyl Malate Beeswax;1,2-Hexanediol;Disodium EDTA;Ubiquinone;Anthemis Nobilis Flower Extract;Camellia Sinensis Leaf Extract;Caviar Extract;Propylene Glycol;Portulaca Oleracea Extract;Alcohol;Ginkgo Biloba Leaf Extract;Aloe Barbadensis Leaf Juice;Glyceryl Caprylate;Potassium Sorbate;Hydrolyzed Collagen;Sodium Benzoate,",0.0,1000.0,23736.0,4.1337,1.5,Moisturizers,24.0,0.41,4.21,moisturizer,High (13k - 26k)
Moisturizer,ALGENIST,SUBLIME DEFENSE Ultra Lightweight UV Defense Fluid SPF 50,28,4.4,"Cyclopentasiloxane, Water, Alcohol Denat., Glycerin, Polyglyceryl-3 Polydimethylsiloxyethyl Dimethicone, Methyl Methacrylate Crosspolymer, PEG/PPG-18/18 Dimethicone, Algae Exopolysaccharides, Echinacea Purpurea Extract, Tocopheryl Acetate, Camellia Oleifera Leaf Extract, Arctostaphylos Uva Ursi Leaf Extract, Glycyrrhiza Glabra (Licorice) Root Extract, PEG-9 Polydimethylsiloxyethyl Dimethicone, Stearic Acid, Triethoxysilylethyl Polydimethylsiloxyethyl Hexyl Dimethicone, Ethylhexylglycerin, Caprylyl Glycol, Aluminum Hydroxide, Phenoxyethanol, Hexylene Glycol, Fragrance.",0,0,0,0,0,sublime_defense_ultra_lightweight_uv_defense_fluid_spf_50,algenist,moisturizer,algenist_sublime_defense_ultra_lightweight_uv_defense_fluid_spf_50,,,,,,,,,,"Cyclopentasiloxane;Alcohol Denat,;Glycerin;Polyglyceryl-3 Polydimethylsiloxyethyl Dimethicone;Methyl Methacrylate Crosspolymer;PEG/PPG-18/18 Dimethicone;Algae Exopolysaccharides;Echinacea Purpurea Extract;Tocopheryl Acetate;Camellia Oleifera Leaf Extract;Arctostaphylos Uva Ursi Leaf Extract;Glycyrrhiza Glabra (Licorice) Root Extract;PEG-9 Polydimethylsiloxyethyl Dimethicone;Stearic Acid;Triethoxysilylethyl Polydimethylsiloxyethyl Hexyl Dimethicone;Ethylhexylglycerin;Caprylyl Glycol;Aluminum Hydroxide;Phenoxyethanol;Hexylene Glycol;Fragrance,",0.0,379.0,17935.0,4.4406,1.0,Moisturizers,28.0,1.17,2.11,moisturizer,nan
Moisturizer,PHILOSOPHY,Renewed Hope in A Jar Overnight Recharging & Refining Moisturizer,49,4.4,"Water, Isononyl Isononanoate, Propanediol, Glycolic Acid, Cetyl Alcohol, Glycerin, Neopentyl Glycol Diheptanoate, Caprylic/Capric Triglyceride, Ascorbyl Glucoside, Arachidyl Alcohol, Sodium Hydroxide, Hydroxyethyl Acrylate/Sodium Acryloyldimethyl Taurate Copolymer, Peg-12 Glyceryl Dimyristate, Squalane, Behenyl Alcohol, Glyceryl Stearate, Peg-100 Stearate, Allantoin, Gluconolactone, Butylene Glycol, Sodium Pca, Ammonium Acryloyldimethyltaurate/Vp Copolymer, Arginine, Betaglucan, Sodium Metabisulfite, Lecithin, Adenosine, Sodium Benzoate, Polysorbate 60, Magnesium Aluminum Silicate, Dipotassium Glycyrrhizate, Arachidyl Glucoside, Sodium Sulfite, Bisabolol, Calcium Gluconate, Parfum/Fragrance, Chlorphenesin, Disodium Edta, Xanthan Gum, Farnesol, Linalool, Phenoxyethanol.",1,1,1,1,1,renewed_hope_in_a_jar_overnight_recharging_refining_moisturizer,philosophy,moisturizer,philosophy_renewed_hope_in_a_jar_overnight_recharging_refining_moisturizer,0.0,112.0,9198.0,4.4375,2.0,Moisturizers,24.5,3.96,1.22,"Isononyl Isononanoate;Propanediol;Glycolic Acid;Cetyl Alcohol;Glycerin;Neopentyl Glycol Diheptanoate;Caprylic/Capric Triglyceride;Ascorbyl Glucoside;Arachidyl Alcohol;Sodium Hydroxide;Hydroxyethyl Acrylate/Sodium Acryloyldimethyl Taurate Copolymer;Peg-12 Glyceryl Dimyristate;Squalane;Behenyl Alcohol;Glyceryl Stearate;Peg-100 Stearate;Allantoin;Gluconolactone;Butylene Glycol;Sodium Pca;Ammonium Acryloyldimethyltaurate/Vp Copolymer;Arginine;Betaglucan;Sodium Metabisulfite;Lecithin;Adenosine;Sodium Benzoate;Polysorbate 60;Magnesium Aluminum Silicate;Dipotassium Glycyrrhizate;Arachidyl Glucoside;Sodium Sulfite;Bisabolol;Calcium Gluconate;Parfum/Fragrance;Chlorphenesin;Disodium Edta;Xanthan Gum;Farnesol;Linalool;Phenoxyethanol,",0.0,112.0,9198.0,4.4375,2.0,Moisturizers,24.5,3.96,1.22,moisturizer,Medium (7k - 13k)
Moisturizer,JOSIE MARAN,Argan Cleansing Oil,32,4.1,"Helianthus Annuus (Sunflower) Seed Oil**, Polysorbate-80**, Polysorbate-20**, Carthamus Tinctorius (Safflower) Seed Oil**, Argania Spinosa (Argan) Kernel Oil*, Citrus Grandis (Pomelo Grapefruit) Seed Oil**, Vitis Vinifera (Grape) Seed Oil**, Olea Europaea (Olive) Fruit Oil**, Tocopherol, Sucralose**.",1,1,1,1,1,argan_cleansing_oil,josie_maran,moisturizer,josie_maran_argan_cleansing_oil,1.0,1000.0,24332.0,4.0899,6.0,Moisturizers,5.67,0.41,4.11,"Helianthus Annuus (Sunflower) Seed Oil**;Polysorbate-80**;Polysorbate-20**;Carthamus Tinctorius (Safflower) Seed Oil**;Argania Spinosa (Argan) Kernel Oil*;Citrus Grandis (Pomelo Grapefruit) Seed Oil**;Vitis Vinifera (Grape) Seed Oil**;Olea Europaea (Olive) Fruit Oil**;Tocopherol;Sucralose**,",1.0,1000.0,24332.0,4.0899,6.0,Moisturizers,5.67,0.41,4.11,moisturizer,High (13k - 26k)
Moisturizer,MURAD,Anti-Aging Moisturizer SPF 30 PA+++,48,4.3,"Water, Cetyl Alcohol, Glycerin, Polyester-8, Urea, Yeast Amino Acids, Trehalose, Inositol, Taurine, Betaine, Phospholipids, Tocopheryl Acetate, Ascorbyl Palmitate, Ethylhexyl Palmitate, Silica Dimethyl Silylate, Butylene Glycol, Sodium Hyaluronate, Caprylic/Capric Triglyceride, Laminaria Ochroleuca Extract, Saccharomyces/Xylinum/Black Tea Ferment, Hydroxyethylcellulose, Cetearyl Olivate, Sorbitan Olivate, Dimethicone, Zinc Gluconate, Macrocystis Pyrifera Extract, Hydrolyzed Wheat Protein, PVP, Hydrolyzed Ceratonia Siliqua Seed Extract, Argania Spinosa Kernel Extract, Serenoa Serrulata Fruit Extract, Sesamum Indicum (Sesame) Seed Extract, Cimicifuga Racemosa Root Extract, Melaleuca Alternifolia (Tea Tree) Leaf Oil, Laminaria Saccharina Extract, Diethylhexyl Syringylidenemalonate, Ascorbic Acid, Chitosan, Propyl Gallate, PEG-100 Stearate, Glyceryl Stearate, Xanthan Gum, Hydroxyethyl Acrylate/Sodium Acryloyldimethyl Taurate Copolymer, Disodium EDTA, Aminomethyl Propanol, Silica, Phenoxyethanol, Caprylyl Glycol, Chlorphenesin, Citronellol, Geraniol, Limonene, Linalool, Fragrance.",0,0,0,0,0,anti_aging_moisturizer_spf_30_pa,murad,moisturizer,murad_anti_aging_moisturizer_spf_30_pa,0.0,78.0,8621.0,4.3333,1.7,Moisturizers,28.82,5.56,0.9,"Cetyl Alcohol;Glycerin;Polyester-8;Urea;Yeast Amino Acids;Trehalose;Inositol;Taurine;Betaine;Phospholipids;Tocopheryl Acetate;Ascorbyl Palmitate;Ethylhexyl Palmitate;Silica Dimethyl Silylate;Butylene Glycol;Sodium Hyaluronate;Caprylic/Capric Triglyceride;Laminaria Ochroleuca Extract;Saccharomyces/Xylinum/Black Tea Ferment;Hydroxyethylcellulose;Cetearyl Olivate;Sorbitan Olivate;Dimethicone;Zinc Gluconate;Macrocystis Pyrifera Extract;Hydrolyzed Wheat Protein;PVP;Hydrolyzed Ceratonia Siliqua Seed Extract;Argania Spinosa Kernel Extract;Serenoa Serrulata Fruit Extract;Sesamum Indicum (Sesame) Seed Extract;Cimicifuga Racemosa Root Extract;Melaleuca Alternifolia (Tea Tree) Leaf Oil;Laminaria Saccharina Extract;Diethylhexyl Syringylidenemalonate;Ascorbic Acid;Chitosan;Propyl Gallate;PEG-100 Stearate;Glyceryl Stearate;Xanthan Gum;Hydroxyethyl Acrylate/Sodium Acryloyldimethyl Taurate Copolymer;Disodium EDTA;Aminomethyl Propanol;Silica;Phenoxyethanol;Caprylyl Glycol;Chlorphenesin;Citronellol;Geraniol;Limonene;Linalool;Fragrance,",0.0,78.0,8621.0,4.3333,1.7,Moisturizers,28.82,5.56,0.9,moisturizer,Medium (7k - 13k)
Moisturizer,CLINIQUE,Moisture Surge Overnight Mask,35,4.5,"Water , Glycerin , Cetyl Alcohol , Dimethicone , Glyceryl Polymethacrylate , Butyrospermum Parkii (Shea Butter) , Cetyl Ethylhexanoate , Peg-8 , Glycereth-26 , Sucrose , Sorbitan Stearate , Peg-100 Stearate , Trehalose , Mangifera Indica (Mango) Seed Butter , Hypnea Musciformis (Algae) Extract , Gellidiela Acerosa (Algae) Extract , Olea Europaea (Olive) Fruit Extract , Triticum Vulgare (Wheat Bran) Extract , Cladosiphon Okamuranus Extract , Astrocaryum Murumuru Seed Butter , Cetearyl Alcohol , Aloe Barbadensis Leaf Water , Peg-75 , Caffeine , Pantethine , Sorbitol , Butylene Glycol , Oryzanol , Bisabolol , Panthenol , Phytosterols , Tocopheryl Acetate , Caprylyl Glycol , Sodium Hyaluronate , Hexylene Glycol , Carbomer , Potassium Hydroxide , Dextrin , Disodium Edta , Phenoxyethanol , Red 4 (Ci 14700) , Yellow 5 (Ci 19140)",0,0,0,0,0,moisture_surge_overnight_mask,clinique,moisturizer,clinique_moisture_surge_overnight_mask,0.0,364.0,26041.0,4.4698,3.4,Moisturizers,10.29,1.23,1.4,Glycerin;Cetyl Alcohol;Dimethicone;Glyceryl Polymethacrylate;Butyrospermum Parkii (Shea Butter);Cetyl Ethylhexanoate;Peg-8;Glycereth-26;Sucrose;Sorbitan Stearate;Peg-100 Stearate;Trehalose;Mangifera Indica (Mango) Seed Butter;Hypnea Musciformis (Algae) Extract;Gellidiela Acerosa (Algae) Extract;Olea Europaea (Olive) Fruit Extract;Triticum Vulgare (Wheat Bran) Extract;Cladosiphon Okamuranus Extract;Astrocaryum Murumuru Seed Butter;Cetearyl Alcohol;Aloe Barbadensis Leaf Water;Peg-75;Caffeine;Pantethine;Sorbitol;Butylene Glycol;Oryzanol;Bisabolol;Panthenol;Phytosterols;Tocopheryl Acetate;Caprylyl Glycol;Sodium Hyaluronate;Hexylene Glycol;Carbomer;Potassium Hydroxide;Dextrin;Disodium Edta;Phenoxyethanol;Red 4 (Ci 14700);Yellow 5 (Ci 19140),0.0,364.0,26041.0,4.4698,3.4,Moisturizers,10.29,1.23,1.4,moisturizer,High (13k - 26k)
Moisturizer,KIEHL'S SINCE 1851,Ultra Facial Moisturizer,29,3.9,"Water Squalane, Glycerin, Peg-100 Stearate, Glyceryl Stearate, Butylene Glycol, Triethanolamine, Phenoxyethanol, Sorbitan Oleate, Carbomer, Methylparaben, Propylparaben, Stearic Acid, Beeswax, Myristyl Alcohol, Sweet Almond Oil, Apricot Kernel Oil, Tocopherol, Avocado Oil.",1,1,1,1,1,ultra_facial_moisturizer,kiehl's_since_1851,moisturizer,kiehl's_since_1851_ultra_facial_moisturizer,0.0,42.0,5868.0,4.1429,4.2,Moisturizers,7.02,9.86,0.72,"Water Squalane;Glycerin;Peg-100 Stearate;Glyceryl Stearate;Butylene Glycol;Triethanolamine;Phenoxyethanol;Sorbitan Oleate;Carbomer;Methylparaben;Propylparaben;Stearic Acid;Beeswax;Myristyl Alcohol;Sweet Almond Oil;Apricot Kernel Oil;Tocopherol;Avocado Oil,",0.0,42.0,5868.0,4.1429,4.2,Moisturizers,7.02,9.86,0.72,moisturizer,Low (3k - 7k)
Moisturizer,FARMACY,Honey Savior All-in-One Skin Repair Salve with Echinacea GreenEnvy™ Honey,34,4.5,"Ricinus Communis (Castor) Seed Oil, Hydroxystearic/Linolenic/Linoleic Polyglycerides, Helianthus Annuus (Sunflower) Seed Oil, Honey Extract, Canola Oil, Propolis Extract, Royal Jelly Extract, Polyhydroxystearic Acid, Caprylic/Capric Triglyceride, Rhus Succedanea Fruit Wax, Rhus Verniciflua Peel Wax, Echinacea Purpurea Root Extract, Hydrogenated Castor Oil, Euphorbia Cerifera (Candelilla) Wax, Helianthus Annuus (Sunflower) Seed Wax, Tocopherol, Ascorbyl Palmitate, Beeswax, Copernicia Cerifera (Carnauba) Wax, Honey, Flavor.",1,1,1,0,1,honey_savior_all_in_one_skin_repair_salve_with_echinacea_greenenvy_honey,farmacy,moisturizer,farmacy_honey_savior_all_in_one_skin_repair_salve_with_echinacea_greenenvy_honey,,,,,,,,,,"Ricinus Communis (Castor) Seed Oil;Hydroxystearic/Linolenic/Linoleic Polyglycerides;Helianthus Annuus (Sunflower) Seed Oil;Honey Extract;Canola Oil;Propolis Extract;Royal Jelly Extract;Polyhydroxystearic Acid;Caprylic/Capric Triglyceride;Rhus Succedanea Fruit Wax;Rhus Verniciflua Peel Wax;Echinacea Purpurea Root Extract;Hydrogenated Castor Oil;Euphorbia Cerifera (Candelilla) Wax;Helianthus Annuus (Sunflower) Seed Wax;Tocopherol;Ascorbyl Palmitate;Beeswax;Copernicia Cerifera (Carnauba) Wax;Honey;Flavor,",1.0,327.0,16162.0,4.5107,1.6,,21.25,1.38,2.02,moisturizer,nan
Moisturizer,PHILOSOPHY,Ultimate Miracle Worker Multi-Rejuvenating Cream SPF 30,75,4.0,"Water, C12-15 Alkyl Benzoate, Carthamus Tinctorius (Safflower) Oleosomes, Glycerin, Cyclopentasiloxane, Butylene Glycol, Methyl Gluceth-20, Gluconolactone, Polyacrylamide, Hydrogenated Lecithin, Cyclohexasiloxane, Cetyl Alcohol, Bifida Ferment Lysate, Phenoxyethanol, Ammonium Acryloyldimethyltaurate/Vp Copolymer, C13-14 Isoparaffin, Polysorbate 80, Acrylates/C10-30 Alkyl Acrylate Crosspolymer, Sodium Benzoate, Sodium Hydroxide, Laureth-7, Glycine Soja (Soybean) Oil, Fragrance, Iris Pallida Root Extract, Ruby Powder, Disodium Edta, Gluconic Acid, Alcohol, Mica, Lecithin, Adenosine, Cellulose Gum, Retinol, Peg-8, Polysorbate 20, Bht, Chitosan, Ethylhexylglycerin, Glycolic Acid, Sorbitan Oleate, Calcium Gluconate, Tocopherol, Behentrimonium Chloride, Sodium Bicarbonate, Ascorbyl Palmitate, Beta-Glucan, Potassium Phosphate, Caprylyl Glycol, 1,2-Hexanediol, Camellia Sinensis Leaf Extract, Coffea Arabica (Coffee) Seed Extract, Pongamia Pinnata Seed Extract, Isopropyl Alcohol, Acetic Acid, Angelica Archangelica Root Extract, Benzoic Acid, Citrus Aurantium Amara (Bitter Orange) Peel Extract, Maltodextrin, Citric Acid, Magnesium Aluminum Silicate, Xanthan Gum, Lactic Acid, Ascorbic Acid, Sclerotium Gum, Bha, Sorbic Acid, Titanium Dioxide (Ci 77891).",1,1,1,0,0,ultimate_miracle_worker_multi_rejuvenating_cream_spf_30,philosophy,moisturizer,philosophy_ultimate_miracle_worker_multi_rejuvenating_cream_spf_30,0.0,95.0,7193.0,3.9895,2.0,Moisturizers,37.5,4.2,1.32,"C12-15 Alkyl Benzoate;Carthamus Tinctorius (Safflower) Oleosomes;Glycerin;Cyclopentasiloxane;Butylene Glycol;Methyl Gluceth-20;Gluconolactone;Polyacrylamide;Hydrogenated Lecithin;Cyclohexasiloxane;Cetyl Alcohol;Bifida Ferment Lysate;Phenoxyethanol;Ammonium Acryloyldimethyltaurate/Vp Copolymer;C13-14 Isoparaffin;Polysorbate 80;Acrylates/C10-30 Alkyl Acrylate Crosspolymer;Sodium Benzoate;Sodium Hydroxide;Laureth-7;Glycine Soja (Soybean) Oil;Fragrance;Iris Pallida Root Extract;Ruby Powder;Disodium Edta;Gluconic Acid;Alcohol;Mica;Lecithin;Adenosine;Cellulose Gum;Retinol;Peg-8;Polysorbate 20;Bht;Chitosan;Ethylhexylglycerin;Glycolic Acid;Sorbitan Oleate;Calcium Gluconate;Tocopherol;Behentrimonium Chloride;Sodium Bicarbonate;Ascorbyl Palmitate;Beta-Glucan;Potassium Phosphate;Caprylyl Glycol;1,2-Hexanediol;Camellia Sinensis Leaf Extract;Coffea Arabica (Coffee) Seed Extract;Pongamia Pinnata Seed Extract;Isopropyl Alcohol;Acetic Acid;Angelica Archangelica Root Extract;Benzoic Acid;Citrus Aurantium Amara (Bitter Orange) Peel Extract;Maltodextrin;Citric Acid;Magnesium Aluminum Silicate;Xanthan Gum;Lactic Acid;Ascorbic Acid;Sclerotium Gum;Bha;Sorbic Acid;Titanium Dioxide (Ci 77891),",0.0,95.0,7193.0,3.9895,2.0,Moisturizers,37.5,4.2,1.32,moisturizer,Medium (7k - 13k)
Moisturizer,AMOREPACIFIC,Treatment Toner,50,4.4,"Panax Ginseng Root Extract, Butylene Glycol, Water, Peg/Ppg-17/6 Copolymer, Sodium Hyaluronate, Pinus Sylvestris Bark Extract, Camellia Sinensis Leaf Extract, Zingiber Officinale (Ginger) Root Extract, Opuntia Coccinellifera Fruit Extract, Theanine, Phyllostachis, Bambusoides Juice, Nelumbo Nucifera Flower Extract, Glycerin, Glycyrrhiza Glabra (Licorice) Root Extract, Caprylyl Glycol, Hydrogenated Lecithin, Peg-5 Rapeseed Sterol, Alcohol, Propylene Glycol, Peg-60 Hydrogenated Castor Oil, Disodium Edta, 1,2-Hexanediol, Ethylhexylglycerin,Phenoxyethanol, Fragrance, Red 33 (Ci 17200), Yellow 6 (Ci 15985).",1,1,1,1,1,treatment_toner,amorepacific,moisturizer,amorepacific_treatment_toner,0.0,156.0,12813.0,4.4038,3.4,Moisturizers,14.71,2.82,1.22,"Panax Ginseng Root Extract;Butylene Glycol;Peg/Ppg-17/6 Copolymer;Sodium Hyaluronate;Pinus Sylvestris Bark Extract;Camellia Sinensis Leaf Extract;Zingiber Officinale (Ginger) Root Extract;Opuntia Coccinellifera Fruit Extract;Theanine;Phyllostachis;Bambusoides Juice;Nelumbo Nucifera Flower Extract;Glycerin;Glycyrrhiza Glabra (Licorice) Root Extract;Caprylyl Glycol;Hydrogenated Lecithin;Peg-5 Rapeseed Sterol;Alcohol;Propylene Glycol;Peg-60 Hydrogenated Castor Oil;Disodium Edta;1,2-Hexanediol;Ethylhexylglycerin;Phenoxyethanol;Fragrance;Red 33 (Ci 17200);Yellow 6 (Ci 15985),",0.0,156.0,12813.0,4.4038,3.4,Moisturizers,14.71,2.82,1.22,moisturizer,Medium (7k - 13k)
Moisturizer,CLINIQUE,Take The Day Off Cleansing Oil,28,4.3,"Cetyl Ethylhexanoate , Triethylhexanoin , Peg-20 Glyceryl Triisostearate , Polybutene , Peg-8 Diisostearate , Peg-12 Diisostearate , Ppg-15 Stearyl Ether , Water , Tocopheryl Acetate , Glycerin , Caprylyl Glycol , Glyceryl Laurate , Bht",0,0,0,0,0,take_the_day_off_cleansing_oil,clinique,moisturizer,clinique_take_the_day_off_cleansing_oil,0.0,411.0,19714.0,4.3479,6.7,Moisturizers,4.18,1.06,2.08,Cetyl Ethylhexanoate;Triethylhexanoin;Peg-20 Glyceryl Triisostearate;Polybutene;Peg-8 Diisostearate;Peg-12 Diisostearate;Ppg-15 Stearyl Ether;Tocopheryl Acetate;Glycerin;Caprylyl Glycol;Glyceryl Laurate;Bht,0.0,411.0,19714.0,4.3479,6.7,Moisturizers,4.18,1.06,2.08,moisturizer,High (13k - 26k)
Moisturizer,SHISEIDO,Bio-Performance LiftDynamic Cream,115,3.7,"Water, Glycerin, Tricaprylin, Butylene Glycol, Dimethicone, Cetyl Alcohol, Glyceryl Stearate Se, Peg-100 Stearate, Myristyl Myristate, Erythritol, Peg/Ppg-14/7 Dimethyl Ether, Microcrystalline Wax(Cera Microcristallina/Cire Microcristalline), Hydrogenated Polydecene, Behenyl Alcohol, Dimethylacrylamide/Sodium Acryloyldimethyltaurate Crosspolymer, Stearyl Alcohol, Phenoxyethanol, Hydrogenated Polyisobutene, Phytosteryl Macadamiate, Talc, Methylparaben, Ethylparaben, Silica, Alumina, Disodium Edta, Sorbitan Tristearate, Tocopheryl Acetate, Caffeine, Sodium Citrate, Titanium Dioxide (Ci 77891), Fragrance, Citric Acid, Limonene, Sodium Metabisulfite, Sodium Metaphosphate, Inositol, Hexyl Cinnamal, Iron Oxides (Ci 77492), Benzyl Benzoate, Butylphenyl Methylpropional, Alcohol, Linalool, Sodium Acetylated Hyaluronate, Alpha-Isomethyl Ionone, Thymus Serpillum Extract, Iron Oxides (Ci 77491), Saccharomyces Ferment Lysate Filtrate, Citronellol, Geraniol, Panax Ginseng Root Extract, Rosmarinus Officinalis (Rosemary) Leaf Extract (Rosmarinus Officinalis Leaf Extract), Tocopherol, Bupleurum Falcatum Root Extract.",1,1,1,1,1,bio_performance_liftdynamic_cream,shiseido,moisturizer,shiseido_bio_performance_liftdynamic_cream,0.0,5.0,1530.0,3.4,1.7,Moisturizers,68.82,68.0,0.33,"Glycerin;Tricaprylin;Butylene Glycol;Dimethicone;Cetyl Alcohol;Glyceryl Stearate Se;Peg-100 Stearate;Myristyl Myristate;Erythritol;Peg/Ppg-14/7 Dimethyl Ether;Microcrystalline Wax(Cera Microcristallina/Cire Microcristalline);Hydrogenated Polydecene;Behenyl Alcohol;Dimethylacrylamide/Sodium Acryloyldimethyltaurate Crosspolymer;Stearyl Alcohol;Phenoxyethanol;Hydrogenated Polyisobutene;Phytosteryl Macadamiate;Talc;Methylparaben;Ethylparaben;Silica;Alumina;Disodium Edta;Sorbitan Tristearate;Tocopheryl Acetate;Caffeine;Sodium Citrate;Titanium Dioxide (Ci 77891);Fragrance;Citric Acid;Limonene;Sodium Metabisulfite;Sodium Metaphosphate;Inositol;Hexyl Cinnamal;Iron Oxides (Ci 77492);Benzyl Benzoate;Butylphenyl Methylpropional;Alcohol;Linalool;Sodium Acetylated Hyaluronate;Alpha-Isomethyl Ionone;Thymus Serpillum Extract;Iron Oxides (Ci 77491);Saccharomyces Ferment Lysate Filtrate;Citronellol;Geraniol;Panax Ginseng Root Extract;Rosmarinus Officinalis (Rosemary) Leaf Extract (Rosmarinus Officinalis Leaf Extract);Tocopherol;Bupleurum Falcatum Root Extract,",0.0,5.0,1530.0,3.4,1.7,Moisturizers,68.82,68.0,0.33,moisturizer,Very Low (0 - 3k)
Moisturizer,CAUDALIE,Vinosource Intense Moisture Rescue Cream,39,4.2,"Water, Glycerin*, Caprylic/Capric Triglyceride*, Squalane*, Cetearyl Alcohol*, Vitis Vinifera (Grape) Seed Oil*, Butyrospermum Parkii (Shea) Butter Extract*, Butylene Glycol, Hydrolyzed Potato Protein*, Borago Officinalis Seed Oil*, Hydrogenated Olive Oil Stearyl Esters*, Potassium Cetyl Phosphate, Panthenol, Cetearyl Wheat Straw Glycosides*, Trehalose, Polymethyl Methacrylate, Cetearyl Glucoside*, Tocopheryl Acetate*, Dimethicone, Carbomer, Parfum (Fragrance), Caprylyl Glycol, Palmitoyl Grape Seed Extract*, Potassium Sorbate, Sodium Hydroxide, Pentylene Glycol, Tricaprylin, Tocopherol*, Linoleic Acid*, Castanea Sativa (Chestnut) Bark, Leaf Extract*, Pisum Sativum (Pea) Extract*, Cyclodextrin*, Linolenic Acid*, Sodium Carboxymethyl Betaglucan, Bht, Acrylates/C10-30 Alkyl Acrylate Crosspolymer, Sodium Hyaluronate, Hexyl Cinnamal, Linalool, Limonene, Benzyl Benzoate, Citronellol, Geraniol, Coumarin.*Plant Origin.",1,1,1,1,1,vinosource_intense_moisture_rescue_cream,caudalie,moisturizer,caudalie_vinosource_intense_moisture_rescue_cream,1.0,167.0,5992.0,4.1856,1.3,Moisturizers,30.0,2.51,2.79,"Glycerin*;Caprylic/Capric Triglyceride*;Squalane*;Cetearyl Alcohol*;Vitis Vinifera (Grape) Seed Oil*;Butyrospermum Parkii (Shea) Butter Extract*;Butylene Glycol;Hydrolyzed Potato Protein*;Borago Officinalis Seed Oil*;Hydrogenated Olive Oil Stearyl Esters*;Potassium Cetyl Phosphate;Panthenol;Cetearyl Wheat Straw Glycosides*;Trehalose;Polymethyl Methacrylate;Cetearyl Glucoside*;Tocopheryl Acetate*;Dimethicone;Carbomer;Parfum (Fragrance);Caprylyl Glycol;Palmitoyl Grape Seed Extract*;Potassium Sorbate;Sodium Hydroxide;Pentylene Glycol;Tricaprylin;Tocopherol*;Linoleic Acid*;Castanea Sativa (Chestnut) Bark;Leaf Extract*;Pisum Sativum (Pea) Extract*;Cyclodextrin*;Linolenic Acid*;Sodium Carboxymethyl Betaglucan;Bht;Acrylates/C10-30 Alkyl Acrylate Crosspolymer;Sodium Hyaluronate;Hexyl Cinnamal;Linalool;Limonene;Benzyl Benzoate;Citronellol;Geraniol;Coumarin,*Plant Origin,",1.0,167.0,5992.0,4.1856,1.3,Moisturizers,30.0,2.51,2.79,moisturizer,Low (3k - 7k)
Moisturizer,DIOR,Capture Totale Multi-Perfection Creme Refill,140,5.0,Visit the Dior boutique,0,0,0,0,0,capture_totale_multi_perfection_creme_refill,dior,moisturizer,dior_capture_totale_multi_perfection_creme_refill,0.0,4.0,696.0,5.0,2.0,Moisturizers,70.0,125.0,0.57,Visit the Dior boutique,0.0,4.0,696.0,5.0,2.0,Moisturizers,70.0,125.0,0.57,moisturizer,Very Low (0 - 3k)
Moisturizer,KATE SOMERVILLE,Wrinkle Warrior™ 2-in-1 Plumping Moisturizer + Serum,95,3.9,"Water, Dimethicone, Propanediol, Dimethyl Isosorbide, Hydrolyzed Vegetable Protein, Glycerin, Polysilicone-11, Ammonium Acryloyldimethyltaurate/VP Copolymer, Butylene Glycol, Polymethylsilsesquioxane, Trehalose, Betaine, Hydrolyzed Hyaluronic Acid, Sodium Hyaluronate, Disodium Acetyl Glucosamine Phosphate, Polyglutamic Acid, Zanthoxylum Bungeanum Fruit Extract, Copper Lysinate/Prolinate, Methylglucoside Phosphate, Chondrus Crispus Extract, Glycine Soja (Soybean) Extract, Aloe Barbadensis Leaf Juice, Adenosine, PEG-12 Dimethicone, Phenoxyethanol, HDI/Trimethylol Hexyllactone Crosspolymer, Oleyl Alcohol, Decyl Glucoside, Fragrance/Parfum, Ethylhexylglycerin, Disodium EDTA, Gluconolactone, Benzyl Salicylate, Citric Acid, Linalool, Sodium Benzoate, Caprylyl Glycol, Hexylene Glycol, Geraniol, Citronellol.",1,1,1,1,0,wrinkle_warrior_2_in_1_plumping_moisturizer_serum,kate_somerville,moisturizer,kate_somerville_wrinkle_warrior_2_in_1_plumping_moisturizer_serum,,,,,,,,,,"Dimethicone;Propanediol;Dimethyl Isosorbide;Hydrolyzed Vegetable Protein;Glycerin;Polysilicone-11;Ammonium Acryloyldimethyltaurate/VP Copolymer;Butylene Glycol;Polymethylsilsesquioxane;Trehalose;Betaine;Hydrolyzed Hyaluronic Acid;Sodium Hyaluronate;Disodium Acetyl Glucosamine Phosphate;Polyglutamic Acid;Zanthoxylum Bungeanum Fruit Extract;Copper Lysinate/Prolinate;Methylglucoside Phosphate;Chondrus Crispus Extract;Glycine Soja (Soybean) Extract;Aloe Barbadensis Leaf Juice;Adenosine;PEG-12 Dimethicone;Phenoxyethanol;HDI/Trimethylol Hexyllactone Crosspolymer;Oleyl Alcohol;Decyl Glucoside;Fragrance/Parfum;Ethylhexylglycerin;Disodium EDTA;Gluconolactone;Benzyl Salicylate;Citric Acid;Linalool;Sodium Benzoate;Caprylyl Glycol;Hexylene Glycol;Geraniol;Citronellol,",0.0,253.0,12668.0,3.7984,1.7,,55.88,1.5,2.0,moisturizer,nan
Moisturizer,DR. DENNIS GROSS SKINCARE,Hyaluronic Marine Oil-Free Moisture Cushion,60,4.2,"Water, Cyclopentasiloxane, Cetearyl Alcohol, Dimethicone, Butylene Glycol, Stearyl Dimethicone, Caprylic/Capric Triglyceride, Octadecene, Glyceryl Behenate, Sodium Acrylate/Sodium Acryloyldimethyl Taurate Copolymer, Sodium Hyaluronate, Caulerpa Lentillifera Extract, Aloe Barbadensis Leaf Extract, Tocopherol, Phospholipids, Citrullus Lanatus (Watermelon) Fruit Extract, Cocos Nucifera (Coconut) Fruit Extract, Citrus Sinensis (Orange) Fruit Extract, Cinnamomum Cassia Bark Extract, Saccharide Isomerate, Vaccinium Myrtillus Fruit/Leaf Extract, Glycolic Acid, Lactic Acid, Saccharum Officinarum (Sugar Cane) Extract, Citrus Aurantium Dulcis (Orange) Fruit Extract, Citrus Limon (Lemon) Fruit Extract, Acer Saccharum (Sugar Maple) Extract, Collagen Amino Acids, Hydrolyzed Soy Protein, Leuconostoc/Radish Root Ferment Filtrate, Lactobacillus Ferment, Acrylates/Carbamate Copolymer, Isohexadecane, Polysorbate 80, Dimethicone Crosspolymer-3, Ethylhexylglycerin, Isododecane, Disodium EDTA-Copper, Ceteareth-20, Potassium Cetyl Phosphate, Sorbitan Oleate, Linalool, Limonene, Fragrance (Parfum), Hydroxyisohexyl 3-Cyclohexene Carboxaldehyde, Citronellal, Hydroxycitronellal, Citral, Citric Acid, Sorbic Acid, Phenoxyethanol.",1,1,1,1,1,hyaluronic_marine_oil_free_moisture_cushion,dr._dennis_gross_skincare,moisturizer,dr._dennis_gross_skincare_hyaluronic_marine_oil_free_moisture_cushion,0.0,72.0,5943.0,4.2222,1.7,Moisturizers,35.29,5.86,1.21,"Cyclopentasiloxane;Cetearyl Alcohol;Dimethicone;Butylene Glycol;Stearyl Dimethicone;Caprylic/Capric Triglyceride;Octadecene;Glyceryl Behenate;Sodium Acrylate/Sodium Acryloyldimethyl Taurate Copolymer;Sodium Hyaluronate;Caulerpa Lentillifera Extract;Aloe Barbadensis Leaf Extract;Tocopherol;Phospholipids;Citrullus Lanatus (Watermelon) Fruit Extract;Cocos Nucifera (Coconut) Fruit Extract;Citrus Sinensis (Orange) Fruit Extract;Cinnamomum Cassia Bark Extract;Saccharide Isomerate;Vaccinium Myrtillus Fruit/Leaf Extract;Glycolic Acid;Lactic Acid;Saccharum Officinarum (Sugar Cane) Extract;Citrus Aurantium Dulcis (Orange) Fruit Extract;Citrus Limon (Lemon) Fruit Extract;Acer Saccharum (Sugar Maple) Extract;Collagen Amino Acids;Hydrolyzed Soy Protein;Leuconostoc/Radish Root Ferment Filtrate;Lactobacillus Ferment;Acrylates/Carbamate Copolymer;Isohexadecane;Polysorbate 80;Dimethicone Crosspolymer-3;Ethylhexylglycerin;Isododecane;Disodium EDTA-Copper;Ceteareth-20;Potassium Cetyl Phosphate;Sorbitan Oleate;Linalool;Limonene;Fragrance (Parfum);Hydroxyisohexyl 3-Cyclohexene Carboxaldehyde;Citronellal;Hydroxycitronellal;Citral;Citric Acid;Sorbic Acid;Phenoxyethanol,",0.0,72.0,5943.0,4.2222,1.7,Moisturizers,35.29,5.86,1.21,moisturizer,Low (3k - 7k)
Moisturizer,ESTÉE LAUDER,Advanced Night Repair Intensive Recovery Ampoules,115,4.9,"Advanced Night Rpr Int Rcv Ampoule Division: El (Estee Lauder)Ingredients: Caprylic/Capric Triglyceride , Squalane , Aleurites Moluccana (Kukui) Seed Oil , Prunus Armeniaca (Apricot) Kernel Oil , Bisabolol , Garcinia Mangostana Peel Extract , Salicornia Herbacea Extract , Magnolia Officinalis Bark Extract , Salvia Hispanica Seed Extract , Anthemis Nobilis (Chamomile) Flower Extract , Rosmarinus Officinalis (Rosemary) Leaf Extract , Coffea Arabica (Coffee) Seed Extract , Helianthus Annuus (Sunflower) Seed Oil , Camelina Sativa Seed Oil , Vaccinium Myrtillus Seed Oil , Tocopheryl Acetate , Cholesterol , Linoleic Acid , Tetrahexyldecyl Ascorbate , Bht",1,1,1,1,1,advanced_night_repair_intensive_recovery_ampoules,estée_lauder,moisturizer,estée_lauder_advanced_night_repair_intensive_recovery_ampoules,,,,,,,,,,Advanced Night Rpr Int Rcv Ampoule Division: El (Estee Lauder)Ingredients: Caprylic/Capric Triglyceride;Squalane;Aleurites Moluccana (Kukui) Seed Oil;Prunus Armeniaca (Apricot) Kernel Oil;Bisabolol;Garcinia Mangostana Peel Extract;Salicornia Herbacea Extract;Magnolia Officinalis Bark Extract;Salvia Hispanica Seed Extract;Anthemis Nobilis (Chamomile) Flower Extract;Rosmarinus Officinalis (Rosemary) Leaf Extract;Coffea Arabica (Coffee) Seed Extract;Helianthus Annuus (Sunflower) Seed Oil;Camelina Sativa Seed Oil;Vaccinium Myrtillus Seed Oil;Tocopheryl Acetate;Cholesterol;Linoleic Acid;Tetrahexyldecyl Ascorbate;Bht,0.0,16.0,4785.0,4.875,,Moisturizers,,30.47,0.33,moisturizer,nan
Moisturizer,CLINIQUE,Smart Night Custom-Repair Moisturizer - Very Dry to Dry,58,4.7,"Water , Caprylic/Capric/Myristic/Stearic Triglyceride , Petrolatum , Glycerin , Hexyldecyl Stearate , Butylene Glycol , Dimethicone , Glycereth-26 , Glyceryl Stearate , Peg-100 Stearate , Cetearyl Alcohol , Tamarindus Indica Seed Extract , Centaurium Erythraea (Centaury) Extract , Algae Extract , Micrococcus Lysate , Glycine Soja (Soybean) Protein , Hydrolyzed Soy Protein , Yeast Extract/Faex/Extrait De Levure , Camellia Sinensis Leaf Extract , Saccharomyces Ferment Filtrate , Sigesbeckia Orientalis (St. Paul'S Wort) Extract , Caffeine , Biotin , Ergothioneine , Acetyl Hexapeptide-8 , Soy Amino Acids , Aminopropyl Ascorbyl Phosphate , Astrocaryum Murumuru Seed Butter , Tocopheryl Acetate , Whey Protein/Lactis Protein/Proteine Du Petit-Lait , Cetearyl Glucoside , Isohexadecane , Caprylyl Glycol , Acrylates/C10-30 Alkyl Acrylate Crosspolymer , Acetyl Glucosamine , Sodium Hyaluronate , Myristyl Alcohol , Tromethamine , Polysorbate 80 , Acrylamide/Sodium Acryloyldimethyltaurate Copolymer , Hexylene Glycol , Lecithin , Sodium Benzoate , Hydroxyethylcellulose , Disodium Edta , Phenoxyethanol",0,0,0,0,0,smart_night_custom_repair_moisturizer_very_dry_to_dry,clinique,moisturizer,clinique_smart_night_custom_repair_moisturizer_very_dry_to_dry,0.0,21.0,4824.0,4.6667,1.7,Moisturizers,34.12,22.22,0.44,"Caprylic/Capric/Myristic/Stearic Triglyceride;Petrolatum;Glycerin;Hexyldecyl Stearate;Butylene Glycol;Dimethicone;Glycereth-26;Glyceryl Stearate;Peg-100 Stearate;Cetearyl Alcohol;Tamarindus Indica Seed Extract;Centaurium Erythraea (Centaury) Extract;Algae Extract;Micrococcus Lysate;Glycine Soja (Soybean) Protein;Hydrolyzed Soy Protein;Yeast Extract/Faex/Extrait De Levure;Camellia Sinensis Leaf Extract;Saccharomyces Ferment Filtrate;Sigesbeckia Orientalis (St, Paul'S Wort) Extract;Caffeine;Biotin;Ergothioneine;Acetyl Hexapeptide-8;Soy Amino Acids;Aminopropyl Ascorbyl Phosphate;Astrocaryum Murumuru Seed Butter;Tocopheryl Acetate;Whey Protein/Lactis Protein/Proteine Du Petit-Lait;Cetearyl Glucoside;Isohexadecane;Caprylyl Glycol;Acrylates/C10-30 Alkyl Acrylate Crosspolymer;Acetyl Glucosamine;Sodium Hyaluronate;Myristyl Alcohol;Tromethamine;Polysorbate 80;Acrylamide/Sodium Acryloyldimethyltaurate Copolymer;Hexylene Glycol;Lecithin;Sodium Benzoate;Hydroxyethylcellulose;Disodium Edta;Phenoxyethanol",0.0,21.0,4824.0,4.6667,1.7,Moisturizers,34.12,22.22,0.44,moisturizer,Low (3k - 7k)
Moisturizer,MURAD,Nutrient-Charged Water Gel,60,4.6,"Water, Dimethicone, Glycerin, Propanediol, Saccharide Isomerate, Polymethylsilsesquioxane/Silica Crosspolymer, Hydroxyethyl Acrylate/Sodium Acryloyldimethyl Taurate Copolymer, Hydroxyethyl Urea, Isononyl Isononanoate, Ceramide NP, Ceramide AP, Ceramide EOP, sh-Oligopeptide-1, sh-Oligopeptide-2, sh-Polypeptide-1, sh-Polypeptide-9, sh-Polypeptide-11, Saccharomyces/Zinc Ferment, Saccharomyces/Copper Ferment, Saccharomyces/Magnesium Ferment, Saccharomyces/Iron Ferment, Saccharomyces/Silicon Ferment, Leuconostoc/Radish Root Ferment Filtrate, Bacillus/Folic Acid Ferment Extract, Trehalose, Taurine, Serine, Tocopheryl Acetate, Calcium Pantothenate, Niacinamide, Phytantriol, Acetyl Glutamine, Urea, Cholesterol, Yeast Amino Acids, Phytosphingosine, Inositol, Betaine, Lecithin, Sodium Ascorbyl Phosphate, Sodium Hyaluronate, Pyridoxine HCl, Sucrose, Algin, Pullulan, Maltodextrin, Polysilicone-11, Glyceryl Polyacrylate, Decyl Glucoside, Pentylene Glycol, Hexylene Glycol, Caprylyl Glycol, Butylene Glycol, Ethylhexyl Isononanoate, Polyisobutene, Silica, Sodium Starch Octenylsuccinate, PEG-7 Trimethylolpropane Coconut Ether, Trisodium Ethylenediamine Disuccinate, Disodium Phosphate, Potassium Phosphate, Carbomer, Xanthan Gum, Sodium Lauroyl Lactylate, 1,2-Hexanediol, Phenoxyethanol, Ethylhexylglycerin, Fragrance, Red 33 (CI 17200), Red 4 (CI 14700).",1,1,1,1,1,nutrient_charged_water_gel,murad,moisturizer,murad_nutrient_charged_water_gel,0.0,489.0,11775.0,4.5644,1.7,Moisturizers,35.29,0.93,4.15,"Dimethicone;Glycerin;Propanediol;Saccharide Isomerate;Polymethylsilsesquioxane/Silica Crosspolymer;Hydroxyethyl Acrylate/Sodium Acryloyldimethyl Taurate Copolymer;Hydroxyethyl Urea;Isononyl Isononanoate;Ceramide NP;Ceramide AP;Ceramide EOP;sh-Oligopeptide-1;sh-Oligopeptide-2;sh-Polypeptide-1;sh-Polypeptide-9;sh-Polypeptide-11;Saccharomyces/Zinc Ferment;Saccharomyces/Copper Ferment;Saccharomyces/Magnesium Ferment;Saccharomyces/Iron Ferment;Saccharomyces/Silicon Ferment;Leuconostoc/Radish Root Ferment Filtrate;Bacillus/Folic Acid Ferment Extract;Trehalose;Taurine;Serine;Tocopheryl Acetate;Calcium Pantothenate;Niacinamide;Phytantriol;Acetyl Glutamine;Urea;Cholesterol;Yeast Amino Acids;Phytosphingosine;Inositol;Betaine;Lecithin;Sodium Ascorbyl Phosphate;Sodium Hyaluronate;Pyridoxine HCl;Sucrose;Algin;Pullulan;Maltodextrin;Polysilicone-11;Glyceryl Polyacrylate;Decyl Glucoside;Pentylene Glycol;Hexylene Glycol;Caprylyl Glycol;Butylene Glycol;Ethylhexyl Isononanoate;Polyisobutene;Silica;Sodium Starch Octenylsuccinate;PEG-7 Trimethylolpropane Coconut Ether;Trisodium Ethylenediamine Disuccinate;Disodium Phosphate;Potassium Phosphate;Carbomer;Xanthan Gum;Sodium Lauroyl Lactylate;1,2-Hexanediol;Phenoxyethanol;Ethylhexylglycerin;Fragrance;Red 33 (CI 17200);Red 4 (CI 14700),",0.0,489.0,11775.0,4.5644,1.7,Moisturizers,35.29,0.93,4.15,moisturizer,Medium (7k - 13k)
Moisturizer,GUERLAIN,Lingerie de Peau BB Cream,54,4.3,-Titanium Dioxide 3.55%: Sunscreen. -Octinoxate 3.74%: Sunscreen. -Oxybenzone 1%: Sunscreen.,1,1,1,1,1,lingerie_de_peau_bb_cream,guerlain,moisturizer,guerlain_lingerie_de_peau_bb_cream,0.0,192.0,10349.0,4.3021,,Moisturizers,,2.24,1.86,"-Titanium Dioxide 3,55%: Sunscreen, -Octinoxate 3,74%: Sunscreen, -Oxybenzone 1%: Sunscreen,",0.0,192.0,10349.0,4.3021,,Moisturizers,,2.24,1.86,moisturizer,Medium (7k - 13k)
Moisturizer,BAREMINERALS,Prime Time BB Tinted Primer Broad Spectrum SPF 30,27,4.1,No Info,0,0,0,0,0,prime_time_bb_tinted_primer_broad_spectrum_spf_30,bareminerals,moisturizer,bareminerals_prime_time_bb_tinted_primer_broad_spectrum_spf_30,,,,,,,,,,No Info,0.0,292.0,15276.0,4.0685,1.0,Moisturizers,27.0,1.39,1.91,moisturizer,nan
Moisturizer,AMOREPACIFIC,MOISTURE BOUND Refreshing Hydra-Gel Oil-Free,100,4.2,"Phyllostachis Bambusoides Juice, Butylene Glycol, Cyclopentasiloxane, Hydrogenated Polyisobutene, Glycerin, Dimethicone, Xylitylglucoside, Alcohol, Tricholoma Matsutake Extract, Panax Ginseng Root Extract, Zingiber Officinale (Ginger) Root Extract, Trehalose, Serine, Glycine, Hydrolyzed Ginseng Saponins, Kaempferol, Glutamic Acid, Alanine, Lysine, Arginine, Threonine, Cetearyl Alcohol, Peg-40 Stearate, Anhydroxylitol, Silica, Sodium Polyacrylate, Sucrose Stearate, Sorbitan Sesquioleate, Hydrogenated Polydecene, Polysilicone-11, Xylitol, Triethanolamine, Carbomer, Peg/Ppg-18/18 Dimethicone, Titanium Dioxide, Ppg-5-Laureth-5, Betaine, Biosaccharide Gum-1, Sodium PCA, Hydrated Silica, Propylene Glycol, Sorbitol, Hydrogenated Lecithin, Aluminum Hydroxide, Peg-5 Rapeseed Sterol, Ethyl Hexanediol, Proline, Zinc Gluconate, BHT, Magnesium Aspartate, Copper Gluconate, Calcium Gluconate, Disodium EDTA, Methylparaben, Propylparaben, CI 42090, Fragrance.",1,1,1,0,1,moisture_bound_refreshing_hydra_gel_oil_free,amorepacific,moisturizer,amorepacific_moisture_bound_refreshing_hydra_gel_oil_free,0.0,362.0,8593.0,4.2514,1.7,Moisturizers,58.82,1.17,4.21,"Phyllostachis Bambusoides Juice;Butylene Glycol;Cyclopentasiloxane;Hydrogenated Polyisobutene;Glycerin;Dimethicone;Xylitylglucoside;Alcohol;Tricholoma Matsutake Extract;Panax Ginseng Root Extract;Zingiber Officinale (Ginger) Root Extract;Trehalose;Serine;Glycine;Hydrolyzed Ginseng Saponins;Kaempferol;Glutamic Acid;Alanine;Lysine;Arginine;Threonine;Cetearyl Alcohol;Peg-40 Stearate;Anhydroxylitol;Silica;Sodium Polyacrylate;Sucrose Stearate;Sorbitan Sesquioleate;Hydrogenated Polydecene;Polysilicone-11;Xylitol;Triethanolamine;Carbomer;Peg/Ppg-18/18 Dimethicone;Titanium Dioxide;Ppg-5-Laureth-5;Betaine;Biosaccharide Gum-1;Sodium PCA;Hydrated Silica;Propylene Glycol;Sorbitol;Hydrogenated Lecithin;Aluminum Hydroxide;Peg-5 Rapeseed Sterol;Ethyl Hexanediol;Proline;Zinc Gluconate;BHT;Magnesium Aspartate;Copper Gluconate;Calcium Gluconate;Disodium EDTA;Methylparaben;Propylparaben;CI 42090;Fragrance,",0.0,362.0,8593.0,4.2514,1.7,Moisturizers,58.82,1.17,4.21,moisturizer,Medium (7k - 13k)
Moisturizer,HERBIVORE,Orchid Youth-Preserving Facial Oil,64,4.6,"Capric Triglycerides (Fractionated Coconut Oil), Cymbidium Grandiflorum (Orchid) Flower Extract, Camellia Oleifera (Camellia) Seed Oil, Simmondsia Chinensis (Jojoba) Seed Oil, Amaranthus Squalane Oil, Tocopherol (Vitamin E), Jasminum Sambac (Jasmine) Extract.",0,0,1,0,1,orchid_youth_preserving_facial_oil,herbivore,moisturizer,herbivore_orchid_youth_preserving_facial_oil,1.0,133.0,15106.0,4.5113,1.7,Moisturizers,37.65,3.39,0.88,"Capric Triglycerides (Fractionated Coconut Oil);Cymbidium Grandiflorum (Orchid) Flower Extract;Camellia Oleifera (Camellia) Seed Oil;Simmondsia Chinensis (Jojoba) Seed Oil;Amaranthus Squalane Oil;Tocopherol (Vitamin E);Jasminum Sambac (Jasmine) Extract,",1.0,133.0,15106.0,4.5113,1.7,Moisturizers,37.65,3.39,0.88,moisturizer,High (13k - 26k)
Moisturizer,SEPHORA COLLECTION,Instant Moisturizer + Cream,23,4.4,"Water, Caprylic/Capric Triglyceride, C12-20 Acid PEG-8 Ester, Butylene Glycol, Cetyl Alcohol, Phenoxyethanol, Potassium Cetyl Phosphate, Carbomer, Dimethicone, Fragrance, Ethylhexylglycerin, Glycerin, Hydrolyzed Yeast Extract, Urea, Trehalose, Sodium Hydroxide, Tocopheryl Acetate, Serine, CI 77891 (Titanium Dioxide), Pentylene Glycol, Mica, PEG-8, Maltodextrin, Silica, Glyceryl Polyacrylate, Caprylyl Glycol, Tocopherol, Polyglucuronic Acid, Algin, Pullulan, Sodium Hyaluronate, Potassium Sorbate, Sodium Benzoate, Disodium Phosphate, Ascorbyl Palmitate, Potassium Phosphate, Ascorbic Acid, Citric Acid, Camellia Sinensis Leaf Extract.",0,0,0,0,0,instant_moisturizer_cream,sephora_collection,moisturizer,sephora_collection_instant_moisturizer_cream,,,,,,,,,,"Caprylic/Capric Triglyceride;C12-20 Acid PEG-8 Ester;Butylene Glycol;Cetyl Alcohol;Phenoxyethanol;Potassium Cetyl Phosphate;Carbomer;Dimethicone;Fragrance;Ethylhexylglycerin;Glycerin;Hydrolyzed Yeast Extract;Urea;Trehalose;Sodium Hydroxide;Tocopheryl Acetate;Serine;CI 77891 (Titanium Dioxide);Pentylene Glycol;Mica;PEG-8;Maltodextrin;Silica;Glyceryl Polyacrylate;Caprylyl Glycol;Tocopherol;Polyglucuronic Acid;Algin;Pullulan;Sodium Hyaluronate;Potassium Sorbate;Sodium Benzoate;Disodium Phosphate;Ascorbyl Palmitate;Potassium Phosphate;Ascorbic Acid;Citric Acid;Camellia Sinensis Leaf Extract,",,,,,,,,,,moisturizer,nan
Moisturizer,CLARINS,Hydra-Essentiel Silky Cream - Normal to Dry Skin,48,4.5,Visit the Clarins boutique,0,1,1,0,1,hydra_essentiel_silky_cream_normal_to_dry_skin,clarins,moisturizer,clarins_hydra_essentiel_silky_cream_normal_to_dry_skin,0.0,67.0,4093.0,4.4328,1.7,Moisturizers,28.24,6.62,1.64,Visit the Clarins boutique,0.0,67.0,4093.0,4.4328,1.7,Moisturizers,28.24,6.62,1.64,moisturizer,Low (3k - 7k)
Moisturizer,ESTÉE LAUDER,Revitalizing Supreme+ Global Anti-Aging Cell Power Creme SPF 15,82,4.0,Visit the Estée Lauder boutique,1,1,1,1,1,revitalizing_supreme_global_anti_aging_cell_power_creme_spf_15,estée_lauder,moisturizer,estée_lauder_revitalizing_supreme_global_anti_aging_cell_power_creme_spf_15,,,,,,,,,,Visit the Estée Lauder boutique,0.0,100.0,7508.0,4.39,1.7,Moisturizers,48.24,4.39,1.33,moisturizer,nan
Moisturizer,TARTE,4-in-1 Setting Mist - Rainforest of the Sea™ Collection,25,3.9,"Water, SD Alcohol 40-B (Alcohol Denat.), Glycerin, Citrus Aurantium Dulcis (Orange) Peel Oil, Limonene, Phenoxyethanol, Sea Water Extract, Caffeine, Disodium EDTA, Lens Esculenta (Lentil) Seed Extract, Lavandula Angustifolia (Lavender) Oil, Mentha Piperita (Peppermint) Oil, Chlorphenesin, Citral, Ethylhexylglycerin, Cocos Nucifera (Coconut) Oil, Algae Extract, Linalool, Gardenia Tahitensis Flower Extract, Tocopherol.",0,0,0,0,0,4_in_1_setting_mist_rainforest_of_the_sea_collection,tarte,moisturizer,tarte_4_in_1_setting_mist_rainforest_of_the_sea_collection,,,,,,,,,,"SD Alcohol 40-B (Alcohol Denat,);Glycerin;Citrus Aurantium Dulcis (Orange) Peel Oil;Limonene;Phenoxyethanol;Sea Water Extract;Caffeine;Disodium EDTA;Lens Esculenta (Lentil) Seed Extract;Lavandula Angustifolia (Lavender) Oil;Mentha Piperita (Peppermint) Oil;Chlorphenesin;Citral;Ethylhexylglycerin;Cocos Nucifera (Coconut) Oil;Algae Extract;Linalool;Gardenia Tahitensis Flower Extract;Tocopherol,",0.0,1000.0,68715.0,3.8257,2.5,,10.0,0.38,1.46,moisturizer,nan
Moisturizer,FIRST AID BEAUTY,Hello FAB Coconut Water Cream,34,4.2,"Cocos Nucifera (Coconut) Fruit Juice, Glucose, Maltodextrin, Aqua (Water, Eau), Dimethicone, Cyclopentasiloxane, Sodium Acrylate/Sodium Acryloyldimethyl Taurate Copolymer, Cocos Nu-cifera (Coconut) Fruit Extract, Alteromonas Ferment Filtrate, Pyrus Malus (Apple) Fruit Extract, Prunus Armeniaca (Apricot) Fruit Extract, Vanilla Planifolia Fruit Extract, Sodium Hyaluronate, Sea Salt (Maris Sal, Sal Marin), Lycium Barbarum Fruit Extract, Glycyrrhiza Glabra (Licorice) Root Extract, Chrysanthemum Parthenium (Feverfew) Extract, Camellia Sinensis Leaf Extract, Dip-teryx Odorata Seed Extract, Coffea Arabica (Coffee) Seed Extract, Caprylyl Glycol, Caprylic/Capric Triglyceride, Butylene Glycol, Hydrogenated Polydecene, Dimethicone Cross-polymer, Dipropylene Glycol, Cetyl Diglyceryl Tris(Trimethylsiloxy)silylethyl Dimethicone, Phe-noxyethanol, Laureth-8.",1,0,1,1,1,hello_fab_coconut_water_cream,first_aid_beauty,moisturizer,first_aid_beauty_hello_fab_coconut_water_cream,0.0,536.0,25694.0,4.0951,1.7,Moisturizers,20.0,0.76,2.09,"Cocos Nucifera (Coconut) Fruit Juice;Glucose;Maltodextrin;Aqua (Water;Eau);Dimethicone;Cyclopentasiloxane;Sodium Acrylate/Sodium Acryloyldimethyl Taurate Copolymer;Cocos Nu-cifera (Coconut) Fruit Extract;Alteromonas Ferment Filtrate;Pyrus Malus (Apple) Fruit Extract;Prunus Armeniaca (Apricot) Fruit Extract;Vanilla Planifolia Fruit Extract;Sodium Hyaluronate;Sea Salt (Maris Sal;Sal Marin);Lycium Barbarum Fruit Extract;Glycyrrhiza Glabra (Licorice) Root Extract;Chrysanthemum Parthenium (Feverfew) Extract;Camellia Sinensis Leaf Extract;Dip-teryx Odorata Seed Extract;Coffea Arabica (Coffee) Seed Extract;Caprylyl Glycol;Caprylic/Capric Triglyceride;Butylene Glycol;Hydrogenated Polydecene;Dimethicone Cross-polymer;Dipropylene Glycol;Cetyl Diglyceryl Tris(Trimethylsiloxy)silylethyl Dimethicone;Phe-noxyethanol;Laureth-8,",0.0,536.0,25694.0,4.0951,1.7,Moisturizers,20.0,0.76,2.09,moisturizer,High (13k - 26k)
Moisturizer,DR. BRANDT SKINCARE,Do Not Age with Dr. Brandt Moisturizing Neck Cream,67,4.2,"Water, Caprylic/Capric Triglyceride, Squalane, Glycerin, Glycolic Acid, Phenyl Trimethicone, Cetyl Alcohol, Glyceryl Stearate, Peg-100 Stearate, Hydrogenated Castor Oil, Shea Butter, Sorbitan Stearate, Cholesterol, Sodium Hyaluronate, Canola Oil, Corn Starch, Silica, Xanthan Gum, Bis-Diglyceryl Polyacyladipate-2, Phenoxyethanol, Sodium Hydroxide, Magnesium Aluminum Silicate, Stearamidopropyl Dimethylamine, Hydroxyethylcellulose, Tetrasodium Edta, Sodium Polystyrene Sulfonate, Sorghum Bicolor Stalk Juice, Acetyl Tetrapeptide-17, Colloidal Platinum, Pentylene Glycol, Polysorbate-20, Ethylhexylglycerin, 3-Aminopropane Sulfonic Acid, Calcium Hydroxymethionine, Calcium Hydroxymethionine, Willow Bark Extract, Geranium Maculatum Oil, Simethicone, Tocopheryl Acetate, Ascorbyl Palmitate.",1,1,1,1,0,do_not_age_with_dr._brandt_moisturizing_neck_cream,dr._brandt_skincare,moisturizer,dr._brandt_skincare_do_not_age_with_dr._brandt_moisturizing_neck_cream,0.0,84.0,4678.0,4.119,1.7,Moisturizers,39.41,4.9,1.8,"Caprylic/Capric Triglyceride;Squalane;Glycerin;Glycolic Acid;Phenyl Trimethicone;Cetyl Alcohol;Glyceryl Stearate;Peg-100 Stearate;Hydrogenated Castor Oil;Shea Butter;Sorbitan Stearate;Cholesterol;Sodium Hyaluronate;Canola Oil;Corn Starch;Silica;Xanthan Gum;Bis-Diglyceryl Polyacyladipate-2;Phenoxyethanol;Sodium Hydroxide;Magnesium Aluminum Silicate;Stearamidopropyl Dimethylamine;Hydroxyethylcellulose;Tetrasodium Edta;Sodium Polystyrene Sulfonate;Sorghum Bicolor Stalk Juice;Acetyl Tetrapeptide-17;Colloidal Platinum;Pentylene Glycol;Polysorbate-20;Ethylhexylglycerin;3-Aminopropane Sulfonic Acid;Calcium Hydroxymethionine;Calcium Hydroxymethionine;Willow Bark Extract;Geranium Maculatum Oil;Simethicone;Tocopheryl Acetate;Ascorbyl Palmitate,",0.0,84.0,4678.0,4.119,1.7,Moisturizers,39.41,4.9,1.8,moisturizer,Low (3k - 7k)
Moisturizer,LANEIGE,Water Bank Dual Layer Face Oil,38,5.0,"Water, Caprylic/Capric Triglyceride, Squalane, Vitis Vinifera (Grape) Seed Oil, Decyl Cocoate, Dicaprylyl Carbonate, Triethylhexanoin, Glycerin, Passiflora Incarnata Seed Oil, Macadamia Ternifolia Seed Oil, Chenopodium Quinoa Seed Extract, Magnesium Sulfate, Zinc Sulfate, Manganese Sulfate, Tocopherol, Calcium Chloride, Sodium Chloride, Alcohol, Xanthan Gum, Ascorbyl Glucoside, Disodium Edta, Phenoxyethanol, Ethylhexylglycerin, Fragrance.",1,1,1,0,0,water_bank_dual_layer_face_oil,laneige,moisturizer,laneige_water_bank_dual_layer_face_oil,0.0,12.0,2553.0,4.5,1.6,Moisturizers,23.75,37.5,0.47,"Caprylic/Capric Triglyceride;Squalane;Vitis Vinifera (Grape) Seed Oil;Decyl Cocoate;Dicaprylyl Carbonate;Triethylhexanoin;Glycerin;Passiflora Incarnata Seed Oil;Macadamia Ternifolia Seed Oil;Chenopodium Quinoa Seed Extract;Magnesium Sulfate;Zinc Sulfate;Manganese Sulfate;Tocopherol;Calcium Chloride;Sodium Chloride;Alcohol;Xanthan Gum;Ascorbyl Glucoside;Disodium Edta;Phenoxyethanol;Ethylhexylglycerin;Fragrance,",0.0,12.0,2553.0,4.5,1.6,Moisturizers,23.75,37.5,0.47,moisturizer,Very Low (0 - 3k)
Moisturizer,SHISEIDO,Ibuki Beauty Sleeping Mask,40,4.4,"Water, Dipropylene Glycol, Glycerin, Alcohol, Pentaerythrityl Tetraethylhexanoate, Maltitol, Dimethicone, Trehalose, Euphorbia Cerifera (Candelilla) Wax(Candelilla Cera/Cire De Candelilla), Phenoxyethanol, Peg-240/Hdi Copolymer Bis-Decyltetradeceth-20 Ether, Carbomer, Butylene Glycol, Fragrance (Parfum), Talc, Potassium Hydroxide, Dextrin Palmitate, Disodium Edta, Acrylates/C10-30 Alkyl Acrylate Crosspolymer, Serine, Ascorbyl Tetraisopalmitate, Tocopheryl Acetate, Butylphenyl Methylpropional, Limonene, Hexyl Cinnamal, Linalool, Benzyl Benzoate, Calcium Stearate, Citronellol, Geraniol, Peg-30 Soy Sterol, Aesculus Hippocastanum (Horse Chestnut) Seed Extract, Hydrogenated Lecithin, Iron Oxides (Ci 77492), Triisostearin, Bht, Trimethylolpropane Triethylhexanoate, Citric Acid, Plankton Extract, Sodium Phosphate, Trisodium Edta, Polysilicone-2, Tocopherol.",1,1,1,1,0,ibuki_beauty_sleeping_mask,shiseido,moisturizer,shiseido_ibuki_beauty_sleeping_mask,0.0,306.0,24346.0,4.366,2.8,Moisturizers,14.29,1.43,1.26,"Dipropylene Glycol;Glycerin;Alcohol;Pentaerythrityl Tetraethylhexanoate;Maltitol;Dimethicone;Trehalose;Euphorbia Cerifera (Candelilla) Wax(Candelilla Cera/Cire De Candelilla);Phenoxyethanol;Peg-240/Hdi Copolymer Bis-Decyltetradeceth-20 Ether;Carbomer;Butylene Glycol;Fragrance (Parfum);Talc;Potassium Hydroxide;Dextrin Palmitate;Disodium Edta;Acrylates/C10-30 Alkyl Acrylate Crosspolymer;Serine;Ascorbyl Tetraisopalmitate;Tocopheryl Acetate;Butylphenyl Methylpropional;Limonene;Hexyl Cinnamal;Linalool;Benzyl Benzoate;Calcium Stearate;Citronellol;Geraniol;Peg-30 Soy Sterol;Aesculus Hippocastanum (Horse Chestnut) Seed Extract;Hydrogenated Lecithin;Iron Oxides (Ci 77492);Triisostearin;Bht;Trimethylolpropane Triethylhexanoate;Citric Acid;Plankton Extract;Sodium Phosphate;Trisodium Edta;Polysilicone-2;Tocopherol,",0.0,306.0,24346.0,4.366,2.8,Moisturizers,14.29,1.43,1.26,moisturizer,High (13k - 26k)
Moisturizer,TARTE,Colored Clay CC Undereye Corrector,25,4.2,"Medium-Tan: Ricinus Communis (Castor) Seed Oil, Octyldodecyl Stearoyl Stearate, Bis-digylceryl Polyacyladipate-2, Rhus Verniciflua Peel Wax, Rhus Succedanea Fruit Wax, Methyl Methacrylate Crosspolymer, Tribehenin, Tocopherol, Tocopheryl Acetate, Glycyrrhiza Glabra (Licorice) Root Extract, Microcrystalline Wax/Cera Microcristallina/Cire Microcristalline, Kaolin, Tetrahexyldecyl Ascorbate, Silica, Montmorillonite, Magnesium Aluminum Silicate, Caffeine, Squalane, Polyethylene, Ethylhexyl Palmitate, Atelocollagen, Butylene Glycol, Mica, Pentaerythrityl Tetraisostearate, Silica Dimethyl Silylate, Sodium Chondroitin Sulfate, Sodium Hyaluronate, Ascorbyl Palmitate, Caprylyl Glycol, Phenoxyethanol. May Contain (+/-): Iron Oxides (CI 77491, CI 77492, CI 77499), Titanium Dioxide (CI 77891).",0,0,0,0,0,colored_clay_cc_undereye_corrector,tarte,moisturizer,tarte_colored_clay_cc_undereye_corrector,0.0,537.0,20363.0,4.2421,0.08,Moisturizers,312.5,0.79,2.64,"Medium-Tan: Ricinus Communis (Castor) Seed Oil;Octyldodecyl Stearoyl Stearate;Bis-digylceryl Polyacyladipate-2;Rhus Verniciflua Peel Wax;Rhus Succedanea Fruit Wax;Methyl Methacrylate Crosspolymer;Tribehenin;Tocopherol;Tocopheryl Acetate;Glycyrrhiza Glabra (Licorice) Root Extract;Microcrystalline Wax/Cera Microcristallina/Cire Microcristalline;Kaolin;Tetrahexyldecyl Ascorbate;Silica;Montmorillonite;Magnesium Aluminum Silicate;Caffeine;Squalane;Polyethylene;Ethylhexyl Palmitate;Atelocollagen;Butylene Glycol;Mica;Pentaerythrityl Tetraisostearate;Silica Dimethyl Silylate;Sodium Chondroitin Sulfate;Sodium Hyaluronate;Ascorbyl Palmitate;Caprylyl Glycol;Phenoxyethanol, May Contain (+/-): Iron Oxides (CI 77491;CI 77492;CI 77499);Titanium Dioxide (CI 77891),",0.0,537.0,20363.0,4.2421,0.08,Moisturizers,312.5,0.79,2.64,moisturizer,High (13k - 26k)
Moisturizer,GLAMGLOW,VOLCASMIC™ Matte Glow Moisturizer,49,4.1,"Water, Cyclopentasiloxane, Ceresin, Glycerin, Dimethicone, Peg-10 Dimethicone, Propanediol, Volcanic Sand, Solanum Lycopersicum (Tomato) Leaf Cell Culture Extract, Daphne Odora Callus Extract, Opuntia Ficus-Indica Callus Culture Extract, Opuntia Ficus-Indica Stem Extract, Ethylhexylglycerin, C12-15 Alkyl Benzoate, Benzyl Benzoate, Silica, Sorbitan Olivate, Panthenol, Distearyldimonium Chloride, Disteardimonium Hectorite, Sodium Chloride, Caprylyl Glycol, Cetyl Alcohol, Fragrance, Citral, Linalool, Limonene, Disodium Edta, Phenoxyethanol",1,0,1,1,0,volcasmic_matte_glow_moisturizer,glamglow,moisturizer,glamglow_volcasmic_matte_glow_moisturizer,,,,,,,,,,Cyclopentasiloxane;Ceresin;Glycerin;Dimethicone;Peg-10 Dimethicone;Propanediol;Volcanic Sand;Solanum Lycopersicum (Tomato) Leaf Cell Culture Extract;Daphne Odora Callus Extract;Opuntia Ficus-Indica Callus Culture Extract;Opuntia Ficus-Indica Stem Extract;Ethylhexylglycerin;C12-15 Alkyl Benzoate;Benzyl Benzoate;Silica;Sorbitan Olivate;Panthenol;Distearyldimonium Chloride;Disteardimonium Hectorite;Sodium Chloride;Caprylyl Glycol;Cetyl Alcohol;Fragrance;Citral;Linalool;Limonene;Disodium Edta;Phenoxyethanol,0.0,575.0,27646.0,4.0974,1.7,,28.82,0.71,2.08,moisturizer,nan
Moisturizer,LANCÔME,Rénergie Lift Multi-Action Sunscreen Broad Spectrum SPF 15 For All Skin Types,99,3.9,"Water, Dimethicone, Glycerin, Hydrogenated Polyisobutene, Beeswax, Poly C10-30 Alkyl Acrylate, Yeast Extract, Guanosine, Cyathea Medullaris Leaf Extract, Sucrose Stearate, Secale Cereale (Rye) Seed Extract, Tocopherol, Sodium Polyacrylate, Sodium Hydroxide, Red 4, Sodium Levulinate, Stearic Acid, Phenoxyethanol, Adenosine, Peg-100 Stearate, Ethylhexylglycerin, Palmitic Acid, Silica, Chlorphenesin, Yellow 5, Dimethicone/Vinyl Dimethicone Crosspolymer, Dimethiconol, Limonene, Pentylene Glycol, Benzyl Alcohol, Linalool, Xanthan Gum, Cinnamic Acid, Caprylyl Glycol, Acrylates/C10-30 Alkyl Acrylate Crosspolymer, Myristic Acid, Disodium Stearoyl Glutamate, Disodium Edta, Citronellol, Aluminum Starch Octenylsuccinate, Coumarin, Levulinic Acid, Glyceryl Stearate, Glyceryl Caprylate, Fragrance.",1,1,1,1,1,rénergie_lift_multi_action_sunscreen_broad_spectrum_spf_15_for_all_skin_types,lancôme,moisturizer,lancôme_rénergie_lift_multi_action_sunscreen_broad_spectrum_spf_15_for_all_skin_types,,,,,,,,,,"Dimethicone;Glycerin;Hydrogenated Polyisobutene;Beeswax;Poly C10-30 Alkyl Acrylate;Yeast Extract;Guanosine;Cyathea Medullaris Leaf Extract;Sucrose Stearate;Secale Cereale (Rye) Seed Extract;Tocopherol;Sodium Polyacrylate;Sodium Hydroxide;Red 4;Sodium Levulinate;Stearic Acid;Phenoxyethanol;Adenosine;Peg-100 Stearate;Ethylhexylglycerin;Palmitic Acid;Silica;Chlorphenesin;Yellow 5;Dimethicone/Vinyl Dimethicone Crosspolymer;Dimethiconol;Limonene;Pentylene Glycol;Benzyl Alcohol;Linalool;Xanthan Gum;Cinnamic Acid;Caprylyl Glycol;Acrylates/C10-30 Alkyl Acrylate Crosspolymer;Myristic Acid;Disodium Stearoyl Glutamate;Disodium Edta;Citronellol;Aluminum Starch Octenylsuccinate;Coumarin;Levulinic Acid;Glyceryl Stearate;Glyceryl Caprylate;Fragrance,",0.0,5.0,555.0,4.2,1.69,,58.58,84.0,0.9,moisturizer,nan
Moisturizer,BIOSSANCE,Squalane + Antioxidant Cleansing Oil,30,4.4,"Caprylic/Capric Triglyceride, Polyglyceryl-2 Caprate, Squalane, C13-15 Alkane, Polyglyceryl-2 Sesquioleate, Triethylhexanoin, Citrus Aurantium Dulcis (Orange) Oil, Lavandula Angustifolia (Lavender) Oil, Rosa Moschata Seed Oil, Avena Sativa (Oat) Kernel Oil, Oenothera Biennis, (Evening Primrose) Oil, Moringa Oleifera Seed Oil, Lavandula Hybrida Oil, Rosmarinus Officinalis (Rosemary) Leaf Extract, Anthemis Nobilis Flower Oil, Helianthus, Annuus (Sunflower) Seed Oil, Tocopherol.",1,1,1,1,1,squalane_antioxidant_cleansing_oil,biossance,moisturizer,biossance_squalane_antioxidant_cleansing_oil,1.0,203.0,14343.0,4.4039,6.8,Moisturizers,4.41,2.17,1.42,"Caprylic/Capric Triglyceride;Polyglyceryl-2 Caprate;Squalane;C13-15 Alkane;Polyglyceryl-2 Sesquioleate;Triethylhexanoin;Citrus Aurantium Dulcis (Orange) Oil;Lavandula Angustifolia (Lavender) Oil;Rosa Moschata Seed Oil;Avena Sativa (Oat) Kernel Oil;Oenothera Biennis;(Evening Primrose) Oil;Moringa Oleifera Seed Oil;Lavandula Hybrida Oil;Rosmarinus Officinalis (Rosemary) Leaf Extract;Anthemis Nobilis Flower Oil;Helianthus;Annuus (Sunflower) Seed Oil;Tocopherol,",1.0,203.0,14343.0,4.4039,6.8,Moisturizers,4.41,2.17,1.42,moisturizer,High (13k - 26k)
Moisturizer,IT COSMETICS,Your Skin But Better CC+ Illumination Cream with SPF 50+,38,3.8,Visit the IT Cosmetics boutique,0,0,0,0,0,your_skin_but_better_cc_illumination_cream_with_spf_50,it_cosmetics,moisturizer,it_cosmetics_your_skin_but_better_cc_illumination_cream_with_spf_50,,,,,,,,,,Visit the IT Cosmetics boutique,,,,,,,,,,moisturizer,nan
Moisturizer,ORIGINS,Plantscription™ Youth-Renewing Power Night Cream,60,4.4,"Water, Caprylic/Capric Triglyceride, Myristyl Myristate, Isodecyl Isononanoate, Triethylhexanoin, Butylene Glycol, Stearic Acid, Peg-100 Stearate, Cetyl Alcohol, Behenyl Alcohol, Hydrogenated Coco-Glycerides, Cetearyl Alcohol, Glycerin, Anogeissus Leiocarpus Bark Extract, Peucedanum Graveolens (Dill) Extract, Cassia Alata Leaf Extract, Rosa Damascena Flower Oil*, Lavandula Angustifolia (Lavender) Oil*, Pelargonium Graveolens Flower Oil*, Illicium Verum (Anise) Fruit/Seed Oil*, Citrus Aurantium Bergamia (Bergamot) Fruit Oil*, Carthamus Tinctorius (Safflower) Seed Oil*, Myristica Fragrans (Nutmeg) Kernel Oil*, Citrus Aurantium Dulcis (Orange) Peel Oil*, Citrus Nobilis (Mandarin Orange) Peel Oil*, Citrus Limon (Lemon) Peel Oil*, Litsea Cubeba Fruit Oil*, Hibiscus Abelmoschus Extract, Linalool, Citronellol, Limonene, Geraniol, Citral, Hypnea Musciformis (Algae) Extract, Gellidiela Acerosa (Algae) Extract, Hordeum Vulgare (Barley) Extract/Extrait D'Orge, Triticum Vulgare (Wheat) Germ Extract, Pisum Sativum (Pea) Extract, Centaurium Erythraea (Centaury) Extract, Bambusa Vulgaris (Bamboo) Extract, Poria Cocos Sclerotium Extract, Cholesterol, Rosmarinus Officinalis (Rosemary) Leaf Extract, Coffea Arabica (Coffee) Seed Extract, Rubus Idaeus (Raspberry) Leaf Extract, Squalane, Sigesbeckia Orientalis (St. Paul'S Wort) Extract, Micrococcus Lysate, Phytosphingosine, Caffeine, Acetyl Hexapeptide-8, Hydrolyzed Algin, Crithmum Maritimum Extract, Hydrogenated Vegetable Oil, Laminaria Digitata Extract, Sodium Hyaluronate, Lecithin, Maltodextrin, Glycine Soja (Soybean) Sterols, Dimethicone, Ceteareth-20, Polysorbate 20, Glyceryl Stearate, Carbomer, Potassium Hydroxide, Tocopheryl Acetate, Boron Nitride, Tetrahexyldecyl Ascorbate, Sodium Dehydroacetate, Xanthan Gum, Glucosamine Hcl, Phenoxyethanol * Essential Oil Please be aware that ingredient lists may change or vary from time to time.� Please refer to the ingredient list on the product package you receive for the most up to date list of ingredients.",1,1,1,1,1,plantscription_youth_renewing_power_night_cream,origins,moisturizer,origins_plantscription_youth_renewing_power_night_cream,,,,,,,,,,"Caprylic/Capric Triglyceride;Myristyl Myristate;Isodecyl Isononanoate;Triethylhexanoin;Butylene Glycol;Stearic Acid;Peg-100 Stearate;Cetyl Alcohol;Behenyl Alcohol;Hydrogenated Coco-Glycerides;Cetearyl Alcohol;Glycerin;Anogeissus Leiocarpus Bark Extract;Peucedanum Graveolens (Dill) Extract;Cassia Alata Leaf Extract;Rosa Damascena Flower Oil*;Lavandula Angustifolia (Lavender) Oil*;Pelargonium Graveolens Flower Oil*;Illicium Verum (Anise) Fruit/Seed Oil*;Citrus Aurantium Bergamia (Bergamot) Fruit Oil*;Carthamus Tinctorius (Safflower) Seed Oil*;Myristica Fragrans (Nutmeg) Kernel Oil*;Citrus Aurantium Dulcis (Orange) Peel Oil*;Citrus Nobilis (Mandarin Orange) Peel Oil*;Citrus Limon (Lemon) Peel Oil*;Litsea Cubeba Fruit Oil*;Hibiscus Abelmoschus Extract;Linalool;Citronellol;Limonene;Geraniol;Citral;Hypnea Musciformis (Algae) Extract;Gellidiela Acerosa (Algae) Extract;Hordeum Vulgare (Barley) Extract/Extrait D'Orge;Triticum Vulgare (Wheat) Germ Extract;Pisum Sativum (Pea) Extract;Centaurium Erythraea (Centaury) Extract;Bambusa Vulgaris (Bamboo) Extract;Poria Cocos Sclerotium Extract;Cholesterol;Rosmarinus Officinalis (Rosemary) Leaf Extract;Coffea Arabica (Coffee) Seed Extract;Rubus Idaeus (Raspberry) Leaf Extract;Squalane;Sigesbeckia Orientalis (St, Paul'S Wort) Extract;Micrococcus Lysate;Phytosphingosine;Caffeine;Acetyl Hexapeptide-8;Hydrolyzed Algin;Crithmum Maritimum Extract;Hydrogenated Vegetable Oil;Laminaria Digitata Extract;Sodium Hyaluronate;Lecithin;Maltodextrin;Glycine Soja (Soybean) Sterols;Dimethicone;Ceteareth-20;Polysorbate 20;Glyceryl Stearate;Carbomer;Potassium Hydroxide;Tocopheryl Acetate;Boron Nitride;Tetrahexyldecyl Ascorbate;Sodium Dehydroacetate;Xanthan Gum;Glucosamine Hcl;Phenoxyethanol * Essential Oil Please be aware that ingredient lists may change or vary from time to time,� Please refer to the ingredient list on the product package you receive for the most up to date list of ingredients,",1.0,9.0,2261.0,4.5556,1.7,,35.29,50.62,0.4,moisturizer,nan
Moisturizer,LANCÔME,Énergie de Vie The Smoothing & Plumping Water-Infused Cream,55,4.2,Visit the Lancôme boutique,1,1,1,1,1,énergie_de_vie_the_smoothing_plumping_water_infused_cream,lancôme,moisturizer,lancôme_énergie_de_vie_the_smoothing_plumping_water_infused_cream,,,,,,,,,,Visit the Lancôme boutique,0.0,74.0,3917.0,4.2027,1.7,,33.53,5.68,1.89,moisturizer,nan
Moisturizer,KATE SOMERVILLE,ExfoliKate Glow Moisturizer,65,4.6,"Water, Cetyl Ricinoleate, Isostearyl Palmitate, Dimethicone, Squalane, Lactic Acid, Glyceryl Stearate, PEG-100 Stearate, Propanediol, Glycolic Acid, Myristyl Alcohol, Cyclopentasiloxane, Sodium Hydroxide, Lactobacillus/Pumpkin Fruit Ferment Filtrate, Leuconostoc/Radish Root Ferment Filtrate, Bromelain, Papain, Opuntia Ficus-Indica Fruit Extract, Glycerin, Saccharomyces Cerevisiae Extract, Polysilicone-11, Citrus Aurantium Bergamia (Bergamot) Fruit Oil, Aniba Rosaeodora (Rosewood) Wood Extract, Citrus Aurantium Dulcis (Orange) Peel Oil, Geranium Maculatum Oil, Tocopheryl Acetate, Phenoxyethanol, Polyacrylate Crosspolymer-6, Myristyl Glucoside, Cyclohexasiloxane, PEG-40 Stearate, Xanthan Gum, Ethylhexylglycerin, Disodium EDTA, Maltodextrin, Chlorophyllin-Copper",1,1,1,1,0,exfolikate_glow_moisturizer,kate_somerville,moisturizer,kate_somerville_exfolikate_glow_moisturizer,0.0,976.0,9077.0,4.5625,1.7,Moisturizers,38.24,0.47,10.75,Cetyl Ricinoleate;Isostearyl Palmitate;Dimethicone;Squalane;Lactic Acid;Glyceryl Stearate;PEG-100 Stearate;Propanediol;Glycolic Acid;Myristyl Alcohol;Cyclopentasiloxane;Sodium Hydroxide;Lactobacillus/Pumpkin Fruit Ferment Filtrate;Leuconostoc/Radish Root Ferment Filtrate;Bromelain;Papain;Opuntia Ficus-Indica Fruit Extract;Glycerin;Saccharomyces Cerevisiae Extract;Polysilicone-11;Citrus Aurantium Bergamia (Bergamot) Fruit Oil;Aniba Rosaeodora (Rosewood) Wood Extract;Citrus Aurantium Dulcis (Orange) Peel Oil;Geranium Maculatum Oil;Tocopheryl Acetate;Phenoxyethanol;Polyacrylate Crosspolymer-6;Myristyl Glucoside;Cyclohexasiloxane;PEG-40 Stearate;Xanthan Gum;Ethylhexylglycerin;Disodium EDTA;Maltodextrin;Chlorophyllin-Copper,0.0,976.0,9077.0,4.5625,1.7,Moisturizers,38.24,0.47,10.75,moisturizer,Medium (7k - 13k)
Moisturizer,J.ONE,Jelly Pack,42,4.3,"Water, Polysorbate 80, PEG-150 Disterate, Niacinamide, 1,2-Hexanediol, Rosa Damascena Flower Water, Rosemary Leaf Water, Chamomile Flower Water, Yeast/Fermented black tea extract, Imperata Cylindrica Root Extract, Nuphar Luteum Flower Extract, Sea Daffodil Flower Extract, Glycerin, Adenosine, Hydrolyzed Hylauronic Acid, Dipropylene Glycol, Sucrose Distearate, Cyclopentasilxane, Butylene Glycol, Dimethicone, Hydrogenated Lecithin, Dimethicone/Vinyl Dimethicone Crosspolymer, PEG-8, Hydroxyethylcelluclose, Potassium Sorbate Palmitoyl Tripeptide-5, PVP, Fullerene, Carbomer, Disodium EDTA, Phenoxyethanol, Sodum Benzoate, Citric Acid, Dehydroacetic Acid.",1,1,1,1,1,jelly_pack,j.one,moisturizer,j.one_jelly_pack,0.0,337.0,21617.0,4.3383,1.69,Moisturizers,24.85,1.29,1.56,"Polysorbate 80;PEG-150 Disterate;Niacinamide;1,2-Hexanediol;Rosa Damascena Flower Water;Rosemary Leaf Water;Chamomile Flower Water;Yeast/Fermented black tea extract;Imperata Cylindrica Root Extract;Nuphar Luteum Flower Extract;Sea Daffodil Flower Extract;Glycerin;Adenosine;Hydrolyzed Hylauronic Acid;Dipropylene Glycol;Sucrose Distearate;Cyclopentasilxane;Butylene Glycol;Dimethicone;Hydrogenated Lecithin;Dimethicone/Vinyl Dimethicone Crosspolymer;PEG-8;Hydroxyethylcelluclose;Potassium Sorbate Palmitoyl Tripeptide-5;PVP;Fullerene;Carbomer;Disodium EDTA;Phenoxyethanol;Sodum Benzoate;Citric Acid;Dehydroacetic Acid,",0.0,337.0,21617.0,4.3383,1.69,Moisturizers,24.85,1.29,1.56,moisturizer,High (13k - 26k)
Moisturizer,KATE SOMERVILLE,RetAsphere™ 2-in-1 Retinol Night Cream,85,4.3,"Water, Ethylhexyl Palmitate, Diethylhexyl Carbonate, Diisopropyl Dimer Dilinoleate, Stearyl Alcohol, Cetearyl Alcohol, Propanediol, Jojoba Esters, Glycerin, Glyceryl Stearate, Caprylic/Capric Triglyceride, PEG-40 Stearate,Tocopheryl Acetate, PPG-12/SMDI Copolymer, Butylene Glycol, Pentylene Glycol, Polyacrylate-13, Ceteareth-20, Retinol, Polyisobutene, Chondrus Crispus (Carrageenan) Extract, Polysorbate 20, Cyperus Esculentus Tuber Extract, Lavandula Angustifolia (Lavender) Oil, Disodium EDTA, Prunus Armeniaca (Apricot) Fruit Extract, Cucumis Melo Cantalupensis Fruit Extract, Daucus Carota Sativa (Carrot) Root Extract, Mangifera Indica (Mango) Fruit Extract, Prunus Domestica Fruit Extract, Dioscorea Villosa (Wild Yam) Root Extract, Hydroxyphenyl Propamidobenzoic Acid, Cetyl Palmitate, Hydrolyzed Chondrus Crispus Extract, Ethylhexylglycerin, Triethanolamine, Ceramide 3, Sodium Hyaluronate, Phenoxyethanol, Linalool.",1,1,1,1,0,retasphere_2_in_1_retinol_night_cream,kate_somerville,moisturizer,kate_somerville_retasphere_2_in_1_retinol_night_cream,,,,,,,,,,"Ethylhexyl Palmitate;Diethylhexyl Carbonate;Diisopropyl Dimer Dilinoleate;Stearyl Alcohol;Cetearyl Alcohol;Propanediol;Jojoba Esters;Glycerin;Glyceryl Stearate;Caprylic/Capric Triglyceride;PEG-40 Stearate;Tocopheryl Acetate;PPG-12/SMDI Copolymer;Butylene Glycol;Pentylene Glycol;Polyacrylate-13;Ceteareth-20;Retinol;Polyisobutene;Chondrus Crispus (Carrageenan) Extract;Polysorbate 20;Cyperus Esculentus Tuber Extract;Lavandula Angustifolia (Lavender) Oil;Disodium EDTA;Prunus Armeniaca (Apricot) Fruit Extract;Cucumis Melo Cantalupensis Fruit Extract;Daucus Carota Sativa (Carrot) Root Extract;Mangifera Indica (Mango) Fruit Extract;Prunus Domestica Fruit Extract;Dioscorea Villosa (Wild Yam) Root Extract;Hydroxyphenyl Propamidobenzoic Acid;Cetyl Palmitate;Hydrolyzed Chondrus Crispus Extract;Ethylhexylglycerin;Triethanolamine;Ceramide 3;Sodium Hyaluronate;Phenoxyethanol;Linalool,",0.0,163.0,12111.0,4.2945,1.0,,85.0,2.63,1.35,moisturizer,nan
Moisturizer,PERRICONE MD,High Potency Classics: Face Finishing & Firming Moisturizer,69,4.3,"Water, Ethylhexyl Palmitate, Glycerin, Aleurites Moluccana (Kukui Nut) Seed Oil, Cetearyl Alcohol, Polyacrylamide, Polysorbate 60, Glyceryl Stearate, PEG-100 Stearate, Dimethyl MEA (DMAE), C13-14 Isoparaffin, Citric Acid, PEG/PPG-18/18 Dimethicone, Dimethicone, Caprylyl Glycol, Phenoxyethanol, Tetrahexyldecyl Ascorbate (Vitamin C Ester), L-Tyrosine, Fragrance, Laureth-7, Hexylene Glycol, Hydrolyzed Wheat Protein, Tocopheryl Acetate, Citronellol, Geraniol, Hydrolyzed Wheat Starch, Thioctic Acid (Alpha Lipoic Acid), Hydroxycitronellal, Butylphenyl Methylpropional, Benzyl Benzoate, Eugenol.",1,1,1,0,1,high_potency_classics:_face_finishing_firming_moisturizer,perricone_md,moisturizer,perricone_md_high_potency_classics:_face_finishing_firming_moisturizer,0.0,1000.0,14175.0,4.2805,2.0,Moisturizers,34.5,0.43,7.05,"Ethylhexyl Palmitate;Glycerin;Aleurites Moluccana (Kukui Nut) Seed Oil;Cetearyl Alcohol;Polyacrylamide;Polysorbate 60;Glyceryl Stearate;PEG-100 Stearate;Dimethyl MEA (DMAE);C13-14 Isoparaffin;Citric Acid;PEG/PPG-18/18 Dimethicone;Dimethicone;Caprylyl Glycol;Phenoxyethanol;Tetrahexyldecyl Ascorbate (Vitamin C Ester);L-Tyrosine;Fragrance;Laureth-7;Hexylene Glycol;Hydrolyzed Wheat Protein;Tocopheryl Acetate;Citronellol;Geraniol;Hydrolyzed Wheat Starch;Thioctic Acid (Alpha Lipoic Acid);Hydroxycitronellal;Butylphenyl Methylpropional;Benzyl Benzoate;Eugenol,",0.0,1000.0,14175.0,4.2805,2.0,Moisturizers,34.5,0.43,7.05,moisturizer,High (13k - 26k)
Moisturizer,KAT VON D,Lock-It Makeup Setting Mist,26,4.1,Visit the Kat Von D boutique,0,0,0,0,0,lock_it_makeup_setting_mist,kat_von_d,moisturizer,kat_von_d_lock_it_makeup_setting_mist,0.0,468.0,43795.0,4.141,4.0,Moisturizers,6.75,0.88,1.07,Visit the Kat Von D boutique,0.0,468.0,43795.0,4.141,4.0,Moisturizers,6.75,0.88,1.07,moisturizer,Very High (26k - 193k)
Moisturizer,DIOR,Capture Totale Intensive Night Restorative Crème,175,4.5,Visit the Dior boutique,0,0,0,0,0,capture_totale_intensive_night_restorative_crème,dior,moisturizer,dior_capture_totale_intensive_night_restorative_crème,,,,,,,,,,Visit the Dior boutique,0.0,33.0,2654.0,4.4848,2.1,,83.33,13.59,1.24,moisturizer,nan
Moisturizer,PERRICONE MD,Vitamin C Ester Photo-Brightening Moisturizer SPF 30,69,4.2,"Water, Glycerin, Cyclopentasiloxane, Dimethicone, Pentylene Glycol, Ethylhexyl Methoxycrylene, Polyester-8, Polyglyceryl-3 Polydimethylsiloxyethyl Dimethicone, Hydroxyethyl Acrylate/Sodium Acryloyldimethyl Taurate Copolymer, Benzyl Alcohol, Aluminum Hydroxide, Stearic Acid, Diethylhexyl Syringylidenemalonate, Hydrogenated Lecithin, Isohexadecane, Bisabolol, Tetrahexyldecyl Ascorbate, Phenoxyethanol, Polysilicone-11, Polysorbate 60, Caprylic/Capric Triglyceride, Sodium Benzoate. Potassium Sorbate, Xanthan Gum, Hydrogenated Phosphatidylcholine, Thioctic Acid, Astaxanthin.",0,0,0,0,0,vitamin_c_ester_photo_brightening_moisturizer_spf_30,perricone_md,moisturizer,perricone_md_vitamin_c_ester_photo_brightening_moisturizer_spf_30,0.0,592.0,11925.0,4.2314,2.0,Moisturizers,34.5,0.71,4.96,"Glycerin;Cyclopentasiloxane;Dimethicone;Pentylene Glycol;Ethylhexyl Methoxycrylene;Polyester-8;Polyglyceryl-3 Polydimethylsiloxyethyl Dimethicone;Hydroxyethyl Acrylate/Sodium Acryloyldimethyl Taurate Copolymer;Benzyl Alcohol;Aluminum Hydroxide;Stearic Acid;Diethylhexyl Syringylidenemalonate;Hydrogenated Lecithin;Isohexadecane;Bisabolol;Tetrahexyldecyl Ascorbate;Phenoxyethanol;Polysilicone-11;Polysorbate 60;Caprylic/Capric Triglyceride;Sodium Benzoate, Potassium Sorbate;Xanthan Gum;Hydrogenated Phosphatidylcholine;Thioctic Acid;Astaxanthin,",0.0,592.0,11925.0,4.2314,2.0,Moisturizers,34.5,0.71,4.96,moisturizer,Medium (7k - 13k)
Moisturizer,JOSIE MARAN,Argan Infinity Cream Intensive Creamy Oil,28,4.5,"-100 Percent Pure Argan Oil: Nourishes and protects skin with essential fatty acids, antioxidants, and vitamin E. -Aloe Vera: Calms and conditions skin. -Jojoba Oil: Diminishes visible signs of aging.",1,1,1,0,1,argan_infinity_cream_intensive_creamy_oil,josie_maran,moisturizer,josie_maran_argan_infinity_cream_intensive_creamy_oil,1.0,1000.0,24831.0,4.5201,2.2,Moisturizers,12.73,0.45,4.03,"-100 Percent Pure Argan Oil: Nourishes and protects skin with essential fatty acids;antioxidants;and vitamin E, -Aloe Vera: Calms and conditions skin, -Jojoba Oil: Diminishes visible signs of aging,",1.0,1000.0,24831.0,4.5201,2.2,Moisturizers,12.73,0.45,4.03,moisturizer,High (13k - 26k)
Moisturizer,TATA HARPER,Repairative Moisturizer,110,3.4,*Ingredients from organic farming. **Clinical grade essential oils blend.,0,1,0,0,0,repairative_moisturizer,tata_harper,moisturizer,tata_harper_repairative_moisturizer,1.0,106.0,3617.0,3.4151,1.7,Moisturizers,64.71,3.22,2.93,"*Ingredients from organic farming, **Clinical grade essential oils blend,",1.0,106.0,3617.0,3.4151,1.7,Moisturizers,64.71,3.22,2.93,moisturizer,Low (3k - 7k)
Moisturizer,SHISEIDO,Ibuki Protective Moisturizer Broad Spectrum SPF 18,45,3.9,"Water, Sd Alcohol 40-B,Glycerin,Dipropylene Glycol,Dimethicone,Ethylhexyl Palmitate,Polybutylene Glycol/Ppg-9/1 Copolymer,Silica,Trehalose,Betaine,Glycyl Glycine,Lauryl Betaine,Paeonia Albiflora Root Extract,Hamamelis Virginiana (Witch Hazel) Leaf Extract,Lamium Album Flower Extract,Citrus Junos Seed Extract,Zingiber Aromaticus Extract,Peg-20 Glyceryl Isostearate,Triisostearin,Triethanolamine,Isostearic Acid,Alcohol,Butylene Glycol,Carbomer,Batyl Alcohol,Behenyl Alcohol,Acrylates/C10-30 Alkyl Acrylate Crosspolymer,Trisodium Edta,Sodium Metabisulfite,Bht,Phenoxyethanol,Sodium Benzoate,Benzoic Acid,Fragrance,Titanium Dioxide,Mica.",0,0,0,0,0,ibuki_protective_moisturizer_broad_spectrum_spf_18,shiseido,moisturizer,shiseido_ibuki_protective_moisturizer_broad_spectrum_spf_18,0.0,92.0,5118.0,3.9022,2.5,Moisturizers,18.0,4.24,1.8,"Sd Alcohol 40-B;Glycerin;Dipropylene Glycol;Dimethicone;Ethylhexyl Palmitate;Polybutylene Glycol/Ppg-9/1 Copolymer;Silica;Trehalose;Betaine;Glycyl Glycine;Lauryl Betaine;Paeonia Albiflora Root Extract;Hamamelis Virginiana (Witch Hazel) Leaf Extract;Lamium Album Flower Extract;Citrus Junos Seed Extract;Zingiber Aromaticus Extract;Peg-20 Glyceryl Isostearate;Triisostearin;Triethanolamine;Isostearic Acid;Alcohol;Butylene Glycol;Carbomer;Batyl Alcohol;Behenyl Alcohol;Acrylates/C10-30 Alkyl Acrylate Crosspolymer;Trisodium Edta;Sodium Metabisulfite;Bht;Phenoxyethanol;Sodium Benzoate;Benzoic Acid;Fragrance;Titanium Dioxide;Mica,",0.0,92.0,5118.0,3.9022,2.5,Moisturizers,18.0,4.24,1.8,moisturizer,Low (3k - 7k)
Moisturizer,DR. JART+,Water Drop Hydrating Moisturizer,36,4.1,#NAME?,1,1,1,1,1,water_drop_hydrating_moisturizer,dr._jart,moisturizer,dr._jart_water_drop_hydrating_moisturizer,0.0,569.0,18939.0,4.0773,3.3,Moisturizers,10.91,0.72,3.0,#NAME?,0.0,569.0,18939.0,4.0773,3.3,Moisturizers,10.91,0.72,3.0,moisturizer,High (13k - 26k)
Moisturizer,HERBIVORE,Moon Fruit Superfruit Night Treatment,58,4.0,"Organic Aloe Leaf Juice (Aloe Barbadensis), Red Raspberry Seed Oil (Rubus Idaeus), Organic Prickly Pear Oil (Opuntia Ficus-lndica), Kokum Butter (Garcinia Indica), Organic Shea Butter (Butyrospermum Parkii), Cetearyl Glucoside, Cetearyl Alcohol, Organic Alcohol, Glyceryl Stearate, Organic Rosehip Seed Oil (Rosa Canina), Hyaluronic Acid, Organic Lavender Flower (Lavandula Angustifolia) Essential Oil, Organic Sweet Orange Peel (Citrus Sinensis) Essential Oil, Organic Bilberry Fruit Extract (Vaccinium Myrtillus), Organic Sugar Cane Extract (Saccharum Officinarum), Organic Sugar Maple Extract (Acer Saccharinum), Organic Orange Peel Extract (Citrus Sinensis), Organic Lemon Peel Extract (Citrus Limon), Organic Cranberry Fruit Extract (Vaccinium Macrocarpon), Organic Papaya Fruit Extract (Carica Papaya), Organic Goji Berry Extract (Lycium Barbarum), Xanthan Gum, Indigo Powder (Baphicacanthus Cusia [Nees] Bremek), Ultramarine Blue, Manganese Violet.",1,1,1,1,1,moon_fruit_superfruit_night_treatment,herbivore,moisturizer,herbivore_moon_fruit_superfruit_night_treatment,1.0,293.0,23473.0,4.0375,,Moisturizers,,1.38,1.25,"Organic Aloe Leaf Juice (Aloe Barbadensis);Red Raspberry Seed Oil (Rubus Idaeus);Organic Prickly Pear Oil (Opuntia Ficus-lndica);Kokum Butter (Garcinia Indica);Organic Shea Butter (Butyrospermum Parkii);Cetearyl Glucoside;Cetearyl Alcohol;Organic Alcohol;Glyceryl Stearate;Organic Rosehip Seed Oil (Rosa Canina);Hyaluronic Acid;Organic Lavender Flower (Lavandula Angustifolia) Essential Oil;Organic Sweet Orange Peel (Citrus Sinensis) Essential Oil;Organic Bilberry Fruit Extract (Vaccinium Myrtillus);Organic Sugar Cane Extract (Saccharum Officinarum);Organic Sugar Maple Extract (Acer Saccharinum);Organic Orange Peel Extract (Citrus Sinensis);Organic Lemon Peel Extract (Citrus Limon);Organic Cranberry Fruit Extract (Vaccinium Macrocarpon);Organic Papaya Fruit Extract (Carica Papaya);Organic Goji Berry Extract (Lycium Barbarum);Xanthan Gum;Indigo Powder (Baphicacanthus Cusia [Nees] Bremek);Ultramarine Blue;Manganese Violet,",1.0,293.0,23473.0,4.0375,,Moisturizers,,1.38,1.25,moisturizer,High (13k - 26k)
Moisturizer,LANCÔME,Visionnaire Advanced Multi-Correcting Cream,88,4.6,"Water, Glycerin, Dicaprylyl Ether, Cyclohexasiloxane, Butylene Glycol, Isopropyl Isostearate, Sodium Tetrahydrojasmonate, Dimethicone, Cetyl Alcohol, Dipropylene Glycol, Behenyl Alcohol, Silica, Arachidyl Alcohol, Secale Cereale Extract/Rye Seed Extract, Sodium Hydroxide, Sodium Hyaluronate, Stearic Acid, Phenoxyethanol, Stearyl Alcohol, Adenosine, Peg-10 Dimethicone, Peg-100 Stearate, Polysilicone-11, Palmitic Acid, Poloxamer 338, Ammonium Polyacryldimethyltauramide/Ammonium Polyacryloyldimethyl Taurate, Limonene, Pentylene Glycol, Linalool, Caprylyl Glycol, Carbomer, Acrylonitrile/Methyl Methacrylate/Vinylidene Chloride Copolymer, Disodium Edta, Cetearyl Alcohol, Methyldihydrojasmonate, Cetearyl Glucoside, Citronellol, Fragrance.",1,1,1,1,1,visionnaire_advanced_multi_correcting_cream,lancôme,moisturizer,lancôme_visionnaire_advanced_multi_correcting_cream,,,,,,,,,,"Glycerin;Dicaprylyl Ether;Cyclohexasiloxane;Butylene Glycol;Isopropyl Isostearate;Sodium Tetrahydrojasmonate;Dimethicone;Cetyl Alcohol;Dipropylene Glycol;Behenyl Alcohol;Silica;Arachidyl Alcohol;Secale Cereale Extract/Rye Seed Extract;Sodium Hydroxide;Sodium Hyaluronate;Stearic Acid;Phenoxyethanol;Stearyl Alcohol;Adenosine;Peg-10 Dimethicone;Peg-100 Stearate;Polysilicone-11;Palmitic Acid;Poloxamer 338;Ammonium Polyacryldimethyltauramide/Ammonium Polyacryloyldimethyl Taurate;Limonene;Pentylene Glycol;Linalool;Caprylyl Glycol;Carbomer;Acrylonitrile/Methyl Methacrylate/Vinylidene Chloride Copolymer;Disodium Edta;Cetearyl Alcohol;Methyldihydrojasmonate;Cetearyl Glucoside;Citronellol;Fragrance,",0.0,27.0,3489.0,4.6667,1.7,,52.35,17.28,0.77,moisturizer,nan
Moisturizer,SHISEIDO,Benefiance NutriPerfect Night Cream,94,4.7,No Info,0,0,0,0,0,benefiance_nutriperfect_night_cream,shiseido,moisturizer,shiseido_benefiance_nutriperfect_night_cream,0.0,31.0,2404.0,4.6452,1.7,Moisturizers,57.06,14.98,1.29,No Info,0.0,31.0,2404.0,4.6452,1.7,Moisturizers,57.06,14.98,1.29,moisturizer,Very Low (0 - 3k)
Moisturizer,CAUDALIE,Premier Cru Rich Cream,140,4.5,"Water, Coco-Caprylate/Caprate*, Butylene Glycol*, Glyceryl Stearate*, Cetearyl Alcohol*, Cetearyl Glucoside*, Hydrolyzed Yeast Protein, Niacinamide, Octyldodecyl Myristate*, Pentaerythrityl Distearate, Vitis Vinifera (Grape) Seed Oil, Butyrospermum Parkii (Shea) Butter Extract*, Jojoba Esters*, Potassium Cetyl Phosphate, Polyglycerin-3, Hydrolyzed Hyaluronic Acid*, Glycerin*, Palmitoyl Grapevine Shoot Extract*, Palmitoyl Grape Seed Extract*, Sodium Carboxymethyl Beta-Glucan, Acacia Decurrens Flower Wax*, Helianthus Annuus (Sunflower) Seed Oil*, Tocopherol*, Helianthus Annuus (Sunflower) Seed Wax*, Palmitoyl Tripeptide-1, Palmitoyl Tetrapeptide-7*, Parfum (Fragrance), Ethylhexylglycerin, Caprylyl Glycol, Pentylene Glycol, Ethylhexyl Palmitate, Carbomer, Potassium Sorbate, Xanthan Gum, Tribehenin*, Sodium Phytate*, Sorbitan Isostearate*, Sodium Citrate, Arginine, Citric Acid*, Lactic Acid, Ci 77891 (Titanium Dioxide), Ci 77491 (Iron Oxides), Ci 77492 (Iron Oxides), Citronellol, Coumarin, Geraniol, Linalool. *Plant Origin.",1,1,1,1,1,premier_cru_rich_cream,caudalie,moisturizer,caudalie_premier_cru_rich_cream,1.0,18.0,1929.0,4.3889,1.7,Moisturizers,82.35,24.38,0.93,"Coco-Caprylate/Caprate*;Butylene Glycol*;Glyceryl Stearate*;Cetearyl Alcohol*;Cetearyl Glucoside*;Hydrolyzed Yeast Protein;Niacinamide;Octyldodecyl Myristate*;Pentaerythrityl Distearate;Vitis Vinifera (Grape) Seed Oil;Butyrospermum Parkii (Shea) Butter Extract*;Jojoba Esters*;Potassium Cetyl Phosphate;Polyglycerin-3;Hydrolyzed Hyaluronic Acid*;Glycerin*;Palmitoyl Grapevine Shoot Extract*;Palmitoyl Grape Seed Extract*;Sodium Carboxymethyl Beta-Glucan;Acacia Decurrens Flower Wax*;Helianthus Annuus (Sunflower) Seed Oil*;Tocopherol*;Helianthus Annuus (Sunflower) Seed Wax*;Palmitoyl Tripeptide-1;Palmitoyl Tetrapeptide-7*;Parfum (Fragrance);Ethylhexylglycerin;Caprylyl Glycol;Pentylene Glycol;Ethylhexyl Palmitate;Carbomer;Potassium Sorbate;Xanthan Gum;Tribehenin*;Sodium Phytate*;Sorbitan Isostearate*;Sodium Citrate;Arginine;Citric Acid*;Lactic Acid;Ci 77891 (Titanium Dioxide);Ci 77491 (Iron Oxides);Ci 77492 (Iron Oxides);Citronellol;Coumarin;Geraniol;Linalool, *Plant Origin,",1.0,18.0,1929.0,4.3889,1.7,Moisturizers,82.35,24.38,0.93,moisturizer,Very Low (0 - 3k)
Moisturizer,JACK BLACK,Clean Break™ Oil-Free Moisturizer,30,4.5,"Water, Cyclopentasiloxane, Octyldodecyl Neopentanoate, Niacinamide, Sodium Hyaluronate, Camellia Sinensis (White Tea) Extract*, Macrocystis Pyrifera (Sea Kelp) Extract*, Ocimum Basilicum (Basil) Extract*, Tocopheryl Acetate, Glycerin, Dimethicone, Glycereth-26, Cetearyl Glucoside, Carbomer, Hydroxypropyl Starch Phosphate, Hydroxyethyl Acrylate/Sodium Acryloyl Dimethyl Taurate Copolymer, Undecylenoyl Glycine, Disodium EDTA, Butylene Glycol, Capryloyl Glycine, Sodium Hydroxide, Phenoxyethanol. *Certified Organic.",1,0,1,1,1,clean_break_oil_free_moisturizer,jack_black,moisturizer,jack_black_clean_break_oil_free_moisturizer,,,,,,,,,,"Cyclopentasiloxane;Octyldodecyl Neopentanoate;Niacinamide;Sodium Hyaluronate;Camellia Sinensis (White Tea) Extract*;Macrocystis Pyrifera (Sea Kelp) Extract*;Ocimum Basilicum (Basil) Extract*;Tocopheryl Acetate;Glycerin;Dimethicone;Glycereth-26;Cetearyl Glucoside;Carbomer;Hydroxypropyl Starch Phosphate;Hydroxyethyl Acrylate/Sodium Acryloyl Dimethyl Taurate Copolymer;Undecylenoyl Glycine;Disodium EDTA;Butylene Glycol;Capryloyl Glycine;Sodium Hydroxide;Phenoxyethanol, *Certified Organic,",0.0,77.0,4580.0,4.4805,3.3,,9.09,5.82,1.68,moisturizer,nan
Moisturizer,LANCÔME,Hydra Zen Anti-Stress Gel Moisturizer,48,4.6,"Water, Glycerin, Cyclohexasiloxane, Cetearyl Ethylhexanoate, Alcohol Denat., Ammonium Polyacryloyldimethyl Taurate, Ci 14700, Red 4, T-Butyl Alcohol, Madecassoside, Phenoxyethanol, Paeonia Suffruticosa Root Extract, Eugenol, Triethanolamine, Chlorphenesin, Salicylic Acid, Dimethicone, Dimethiconol, Limonene, Xanthan Gum, Benzyl Alcohol, Isopropyl Myristate, Propylene Glycol, Alpha-Isomethyl Ionone, Sorbitol, Moringa Pterygosperma Seed Extract, Disodium Edta, Rosa Gallica Flower Extract, Disodium Phosphate, Butylene Glycol, Butylphenyl Methylpropional, Citric Acid, Fragrance.",1,1,1,1,1,hydra_zen_anti_stress_gel_moisturizer,lancôme,moisturizer,lancôme_hydra_zen_anti_stress_gel_moisturizer,,,,,,,,,,"Glycerin;Cyclohexasiloxane;Cetearyl Ethylhexanoate;Alcohol Denat,;Ammonium Polyacryloyldimethyl Taurate;Ci 14700;Red 4;T-Butyl Alcohol;Madecassoside;Phenoxyethanol;Paeonia Suffruticosa Root Extract;Eugenol;Triethanolamine;Chlorphenesin;Salicylic Acid;Dimethicone;Dimethiconol;Limonene;Xanthan Gum;Benzyl Alcohol;Isopropyl Myristate;Propylene Glycol;Alpha-Isomethyl Ionone;Sorbitol;Moringa Pterygosperma Seed Extract;Disodium Edta;Rosa Gallica Flower Extract;Disodium Phosphate;Butylene Glycol;Butylphenyl Methylpropional;Citric Acid;Fragrance,",0.0,1000.0,3334.0,4.5852,1.7,,28.24,0.46,29.99,moisturizer,nan
Moisturizer,CLINIQUE,Even Better Skin Tone Correcting Moisturizer Broad Spectrum SPF 20,50,4.1,"Octisalate 5.00% , Avobenzone 3.00% , Octocrylene 2.70%Water , Butyloctyl Salicylate , Nylon-12 , Octyldodecyl Neopentanoate , Behenyl Alcohol , Myristyl Myristate , Saccharomyces Cerevisiae Extract , Ascorbyl Glucoside , Cetyl Esters , Butylene Glycol , Polyethylene , Ammonium Acryloyldimethyltaurate/Vp Copolymer , Yeast Extract/Faex/Extrait De Levure , Betula Alba (Birch) Bark Extract , Cucumis Sativus (Cucumber) Fruit Extract , Scutellaria Baicalensis Root Extract , Pyrus Malus (Apple) Fruit Extract , Trametes Versicolor Extract , Triticum Vulgare (Wheat Bran) Extract , Saccharomyces Lysate Extract , Punica Granatum (Pomegranate) Juice Extract , Olea Europaea (Olive) Fruit Extract , Curcuma Longa (Turmeric) Root Extract , Oryza Sativa (Rice) Bran Extract , Citrus Grandis (Grapefruit) Peel Extract , Peg-6 , Cholesterol , Dimethicone , Glyceryl Stearate , Peg-100 Stearate , Glycerin , Di-Ppg-2 Myreth-10 Adipate , Steareth-21 , Caffeine , Sodium Rna , Cellulose , Acetyl Glucosamine , Simethicone , Tromethamine , Sucrose , Di-C12-18 Alkyl Dimonium Chloride , Salicylic Acid , Sodium Hyaluronate , Tocopheryl Acetate , Trisiloxane , Linoleic Acid , Caprylyl Glycol , Sodium Sulfite , Sodium Metabisulfite , Magnesium Ascorbyl Phosphate , Betaine , Trehalose , Hexylene Glycol , Dipotassium Glycyrrhizate , Lauryl Peg-9 Polydimethylsiloxyethyl Dimethicone , Disodium Edta , Phenoxyethanol , Polyaminopropyl Biguanide",0,0,0,0,0,even_better_skin_tone_correcting_moisturizer_broad_spectrum_spf_20,clinique,moisturizer,clinique_even_better_skin_tone_correcting_moisturizer_broad_spectrum_spf_20,0.0,399.0,11247.0,4.1454,1.7,Moisturizers,29.41,1.04,3.55,"Octisalate 5,00%;Avobenzone 3,00%;Octocrylene 2,70%Water;Butyloctyl Salicylate;Nylon-12;Octyldodecyl Neopentanoate;Behenyl Alcohol;Myristyl Myristate;Saccharomyces Cerevisiae Extract;Ascorbyl Glucoside;Cetyl Esters;Butylene Glycol;Polyethylene;Ammonium Acryloyldimethyltaurate/Vp Copolymer;Yeast Extract/Faex/Extrait De Levure;Betula Alba (Birch) Bark Extract;Cucumis Sativus (Cucumber) Fruit Extract;Scutellaria Baicalensis Root Extract;Pyrus Malus (Apple) Fruit Extract;Trametes Versicolor Extract;Triticum Vulgare (Wheat Bran) Extract;Saccharomyces Lysate Extract;Punica Granatum (Pomegranate) Juice Extract;Olea Europaea (Olive) Fruit Extract;Curcuma Longa (Turmeric) Root Extract;Oryza Sativa (Rice) Bran Extract;Citrus Grandis (Grapefruit) Peel Extract;Peg-6;Cholesterol;Dimethicone;Glyceryl Stearate;Peg-100 Stearate;Glycerin;Di-Ppg-2 Myreth-10 Adipate;Steareth-21;Caffeine;Sodium Rna;Cellulose;Acetyl Glucosamine;Simethicone;Tromethamine;Sucrose;Di-C12-18 Alkyl Dimonium Chloride;Salicylic Acid;Sodium Hyaluronate;Tocopheryl Acetate;Trisiloxane;Linoleic Acid;Caprylyl Glycol;Sodium Sulfite;Sodium Metabisulfite;Magnesium Ascorbyl Phosphate;Betaine;Trehalose;Hexylene Glycol;Dipotassium Glycyrrhizate;Lauryl Peg-9 Polydimethylsiloxyethyl Dimethicone;Disodium Edta;Phenoxyethanol;Polyaminopropyl Biguanide",0.0,399.0,11247.0,4.1454,1.7,Moisturizers,29.41,1.04,3.55,moisturizer,Medium (7k - 13k)
Moisturizer,ESTÉE LAUDER,"DayWear Advanced Multi-Protection Anti-Oxidant Creme, Normal/Combination",54,4.1,Visit the Estée Lauder boutique,0,0,0,0,0,"daywear_advanced_multi_protection_anti_oxidant_creme,_normal_combination",estée_lauder,moisturizer,"estée_lauder_daywear_advanced_multi_protection_anti_oxidant_creme,_normal_combination",,,,,,,,,,Visit the Estée Lauder boutique,0.0,42.0,3029.0,4.119,1.7,Moisturizers,31.76,9.81,1.39,moisturizer,nan
Moisturizer,FIRST AID BEAUTY,5 in 1 Face Cream SPF 30,40,3.9,-Zinc Oxide (OTC): Filters harmful UV rays. -Alpha Arbutin: Helps skin appear brighter with a more even skin tone. -Homeostatine: Helps visibly firm and smooth the appearance of skin. -Bisabolol: Helps soothe and calm skin.,1,1,1,1,1,5_in_1_face_cream_spf_30,first_aid_beauty,moisturizer,first_aid_beauty_5_in_1_face_cream_spf_30,0.0,467.0,11510.0,3.9165,1.7,Moisturizers,23.53,0.84,4.06,"-Zinc Oxide (OTC): Filters harmful UV rays, -Alpha Arbutin: Helps skin appear brighter with a more even skin tone, -Homeostatine: Helps visibly firm and smooth the appearance of skin, -Bisabolol: Helps soothe and calm skin,",0.0,467.0,11510.0,3.9165,1.7,Moisturizers,23.53,0.84,4.06,moisturizer,Medium (7k - 13k)
Moisturizer,PETER THOMAS ROTH,Mega Rich Intensive Anti-Aging Cellular Creme,85,4.5,"Water, Glycerin, Glyceryl Stearate, C12-15 Alkyl Benzoate, Isocetyl Stearate, Cetyl Alcohol, Panthenol, PEG-100 Stearate, Propylene Glycol Stearate, Butylene Glycol, Tocopheryl Acetate, Dimethicone, Lanolin Oil, Oleic Acid, Persea Gratissima (Avocado) Oil, Rosa Canina Fruit Oil, Soy Acid, Palmitoyl Oligopeptide, Palmitoyl Tripeptide-5, Acetyl Hexapeptide-8, Palmitoyl Tetrapeptide-7, Hyaluronic Acid, Ascorbic Acid, Retinyl Palmitate, Sodium Ascorbyl Phosphate, Tocopheryl Linoleate/Oleate, Soluble Collagen, Hydrolyzed Elastin, Camellia Oleifera Leaf Extract, Camellia Sinensis Leaf Extract, Echinacea Angustifolia Extract, Macrocystis Pyrifera (Kelp) Extract, Vitis Vinifera (Grape) Seed Extract, Lactic Acid, Tartaric Acid, Sodium PCA, Wheat Amino Acids, Caprylic/Capric Triglyceride, Ginkgo Biloba Leaf Extract, Foeniculum Vulgare (Fennel) Seed Extract, Helianthus Annuus (Sunflower) Seed Oil, Bisabolol, Viola Tricolor Extract, Stearoxytrimethylsilane, PEG-8 Dimethicone, Methyldihydrojasmonate, Histidine HCL, Superoxide Dismutase, Centella Asiatica Extract, BHT, Octyldodecanol, Sodium Propoxyhydroxypropyl Thiosulfate Silica, Carbomer, Maleic Acid, Citrus Limon (Lemon) Peel Extract, Citrus Aurantifolia (Lime) Peel Extract, Citrus Aurantium Dulcis (Orange) Fruit Extract, Citrus Tangerina (Tangerine) Peel Extract, Mentha Piperita (Peppermint) Extract, Salvia Officinalis (Sage) Leaf Extract, Zingiber Officinale (Ginger) Root Extract, Polysorbate 20, Lanolin Alcohol, Stearyl Alcohol, Ascorbyl Methylsilanol Pectinate, Disodium EDTA, Xanthan Gum, Stearic Acid, Ambrettolide, Dipropylene Glycol, Methylpropanediol, EDTA, Silica, Limonene, Potassium Sorbate, Sodium Benzoate, Phenoxyethanol.",0,0,0,0,0,mega_rich_intensive_anti_aging_cellular_creme,peter_thomas_roth,moisturizer,peter_thomas_roth_mega_rich_intensive_anti_aging_cellular_creme,0.0,174.0,6355.0,4.5287,1.7,Moisturizers,50.0,2.6,2.74,"Glycerin;Glyceryl Stearate;C12-15 Alkyl Benzoate;Isocetyl Stearate;Cetyl Alcohol;Panthenol;PEG-100 Stearate;Propylene Glycol Stearate;Butylene Glycol;Tocopheryl Acetate;Dimethicone;Lanolin Oil;Oleic Acid;Persea Gratissima (Avocado) Oil;Rosa Canina Fruit Oil;Soy Acid;Palmitoyl Oligopeptide;Palmitoyl Tripeptide-5;Acetyl Hexapeptide-8;Palmitoyl Tetrapeptide-7;Hyaluronic Acid;Ascorbic Acid;Retinyl Palmitate;Sodium Ascorbyl Phosphate;Tocopheryl Linoleate/Oleate;Soluble Collagen;Hydrolyzed Elastin;Camellia Oleifera Leaf Extract;Camellia Sinensis Leaf Extract;Echinacea Angustifolia Extract;Macrocystis Pyrifera (Kelp) Extract;Vitis Vinifera (Grape) Seed Extract;Lactic Acid;Tartaric Acid;Sodium PCA;Wheat Amino Acids;Caprylic/Capric Triglyceride;Ginkgo Biloba Leaf Extract;Foeniculum Vulgare (Fennel) Seed Extract;Helianthus Annuus (Sunflower) Seed Oil;Bisabolol;Viola Tricolor Extract;Stearoxytrimethylsilane;PEG-8 Dimethicone;Methyldihydrojasmonate;Histidine HCL;Superoxide Dismutase;Centella Asiatica Extract;BHT;Octyldodecanol;Sodium Propoxyhydroxypropyl Thiosulfate Silica;Carbomer;Maleic Acid;Citrus Limon (Lemon) Peel Extract;Citrus Aurantifolia (Lime) Peel Extract;Citrus Aurantium Dulcis (Orange) Fruit Extract;Citrus Tangerina (Tangerine) Peel Extract;Mentha Piperita (Peppermint) Extract;Salvia Officinalis (Sage) Leaf Extract;Zingiber Officinale (Ginger) Root Extract;Polysorbate 20;Lanolin Alcohol;Stearyl Alcohol;Ascorbyl Methylsilanol Pectinate;Disodium EDTA;Xanthan Gum;Stearic Acid;Ambrettolide;Dipropylene Glycol;Methylpropanediol;EDTA;Silica;Limonene;Potassium Sorbate;Sodium Benzoate;Phenoxyethanol,",0.0,174.0,6355.0,4.5287,1.7,Moisturizers,50.0,2.6,2.74,moisturizer,Low (3k - 7k)
Moisturizer,BOBBI BROWN,Hydrating Face Cream Moisturizer,60,4.3,"Water, Dimethicone, Butylene Glycol, Cetyl Alcohol, Ethylhexyl Palmitate, Caprylic/Capric/Myristic/Stearic Triglyceride, Aleurites Moluccana (Kukui) Seed Oil, Myristyl Myristate, Glyceryl Stearate, Algae Extract, Cetyl Phosphate, Polyperfluoromethylisopropyl Ether, Coriandrum Sativum (Coriander) Seed Oil, Rosmarinus Officinalis (Rosemary), Rosa Canina (Rose) Fruit Oil, Elettaria Cardamomum (Cardamom), Lavandula Angustifolia (Lavender), Jasminum Officinale (Jasmine), Tocopheryl Acetate, Cholesterol, Linoleic Acid, Trehalose, Glycerin, Caffeine, Peg-10 Dimethicone, Myristyl Laurate, Phytantriol, Acrylates Copolymer, Lecithin, Sodium Acrylates/Acrylonitrogens Copolymer, Phytosphingosine, Propylene Glycol Stearate, Sodium Hyaluronate, Polysorbate 20, Caprylyl Glycol, Sorbitan Laurate, Myristyl Alcohol, Propylene Glycol Laurate, Tocopherol, Glycine, Sodium Hydroxide, Carbomer, Hydroxyproline, Proline, Citric Acid, Hexylene Glycol, Disodium Edta, Phenoxyethanol",0,0,0,0,0,hydrating_face_cream_moisturizer,bobbi_brown,moisturizer,bobbi_brown_hydrating_face_cream_moisturizer,0.0,196.0,10806.0,4.2551,1.7,Moisturizers,35.29,2.17,1.81,Dimethicone;Butylene Glycol;Cetyl Alcohol;Ethylhexyl Palmitate;Caprylic/Capric/Myristic/Stearic Triglyceride;Aleurites Moluccana (Kukui) Seed Oil;Myristyl Myristate;Glyceryl Stearate;Algae Extract;Cetyl Phosphate;Polyperfluoromethylisopropyl Ether;Coriandrum Sativum (Coriander) Seed Oil;Rosmarinus Officinalis (Rosemary);Rosa Canina (Rose) Fruit Oil;Elettaria Cardamomum (Cardamom);Lavandula Angustifolia (Lavender);Jasminum Officinale (Jasmine);Tocopheryl Acetate;Cholesterol;Linoleic Acid;Trehalose;Glycerin;Caffeine;Peg-10 Dimethicone;Myristyl Laurate;Phytantriol;Acrylates Copolymer;Lecithin;Sodium Acrylates/Acrylonitrogens Copolymer;Phytosphingosine;Propylene Glycol Stearate;Sodium Hyaluronate;Polysorbate 20;Caprylyl Glycol;Sorbitan Laurate;Myristyl Alcohol;Propylene Glycol Laurate;Tocopherol;Glycine;Sodium Hydroxide;Carbomer;Hydroxyproline;Proline;Citric Acid;Hexylene Glycol;Disodium Edta;Phenoxyethanol,0.0,196.0,10806.0,4.2551,1.7,Moisturizers,35.29,2.17,1.81,moisturizer,Medium (7k - 13k)
Moisturizer,CLINIQUE,Superdefense SPF 20 Age Defense Moisturizer Very Dry to Dry Combination,48,4.4,"Avobenzone 3.00% , Octisalate 5.00%Water , Butyrospermum Parkii (Shea Butter) , Butyloctyl Salicylate , Dimethicone , Petrolatum , Polyester-8 , Cetearyl Alcohol , Glyceryl Stearate , Peg-100 Stearate , Butylene Glycol , Glycerin , Trehalose , Sigesbeckia Orientalis (St. Paul'S Wort) Extract , Hordeum Vulgare (Barley) Extract/Extrait D'Orge , Triticum Vulgare (Wheat) Germ Extract , Arabidopsis Thaliana Extract , Plankton Extract , Algae Extract , Sea Whip Extract , Lactobacillus Ferment , Micrococcus Lysate , Ergothioneine , Caffeine , Lecithin , Sodium Hyaluronate , Isohexadecane , Potassium Cetyl Phosphate , Tocopheryl Acetate , Ethylhexylglycerin , Squalane , Caprylyl Glycol , Acrylamide/Sodium Acryloyldimethyltaurate Copolymer , Acrylates/C10-30 Alkyl Acrylate Crosspolymer , Polyethylene , Tetrahexyldecyl Ascorbate , Dimethiconol , Polysorbate 80 , Zeolite , Xanthan Gum , Pentaerythrityl Tetra-Di-T-Butyl Hydroxyhydrocinnamate , Tromethamine , Disodium Edta , Phenoxyethanol",0,0,0,0,0,superdefense_spf_20_age_defense_moisturizer_very_dry_to_dry_combination,clinique,moisturizer,clinique_superdefense_spf_20_age_defense_moisturizer_very_dry_to_dry_combination,0.0,262.0,4873.0,4.3664,1.7,Moisturizers,28.24,1.67,5.38,"Avobenzone 3,00%;Octisalate 5,00%Water;Butyrospermum Parkii (Shea Butter);Butyloctyl Salicylate;Dimethicone;Petrolatum;Polyester-8;Cetearyl Alcohol;Glyceryl Stearate;Peg-100 Stearate;Butylene Glycol;Glycerin;Trehalose;Sigesbeckia Orientalis (St, Paul'S Wort) Extract;Hordeum Vulgare (Barley) Extract/Extrait D'Orge;Triticum Vulgare (Wheat) Germ Extract;Arabidopsis Thaliana Extract;Plankton Extract;Algae Extract;Sea Whip Extract;Lactobacillus Ferment;Micrococcus Lysate;Ergothioneine;Caffeine;Lecithin;Sodium Hyaluronate;Isohexadecane;Potassium Cetyl Phosphate;Tocopheryl Acetate;Ethylhexylglycerin;Squalane;Caprylyl Glycol;Acrylamide/Sodium Acryloyldimethyltaurate Copolymer;Acrylates/C10-30 Alkyl Acrylate Crosspolymer;Polyethylene;Tetrahexyldecyl Ascorbate;Dimethiconol;Polysorbate 80;Zeolite;Xanthan Gum;Pentaerythrityl Tetra-Di-T-Butyl Hydroxyhydrocinnamate;Tromethamine;Disodium Edta;Phenoxyethanol",0.0,262.0,4873.0,4.3664,1.7,Moisturizers,28.24,1.67,5.38,moisturizer,Low (3k - 7k)
Moisturizer,HERBIVORE,Rose Hibiscus Coconut Water Hydrating Face Mist,32,4.1,"Water, Aloe Barbadensis Leaf Water, Rosa Damascena Flower Water, Hamamelis Virginiana (Witch Hazel) Flower Water, Leuconostoc/Radish Root Ferment Filterate, Hibiscus Sabdariffa Flower Extract, Cocos Nucifera (Coconut) Water, Melia Azadirachta Flower Extract, Coccinia Indica Fruit Extract (Neer Sikkappu Red).",1,1,1,1,1,rose_hibiscus_coconut_water_hydrating_face_mist,herbivore,moisturizer,herbivore_rose_hibiscus_coconut_water_hydrating_face_mist,1.0,368.0,46859.0,4.0516,4.0,Moisturizers,8.0,1.1,0.79,"Aloe Barbadensis Leaf Water;Rosa Damascena Flower Water;Hamamelis Virginiana (Witch Hazel) Flower Water;Leuconostoc/Radish Root Ferment Filterate;Hibiscus Sabdariffa Flower Extract;Cocos Nucifera (Coconut) Water;Melia Azadirachta Flower Extract;Coccinia Indica Fruit Extract (Neer Sikkappu Red),",1.0,368.0,46859.0,4.0516,4.0,Moisturizers,8.0,1.1,0.79,moisturizer,Very High (26k - 193k)
Moisturizer,TATA HARPER,Retinoic Nutrient Face Oil,48,4.3,Visit the Tata Harper boutique,1,1,1,1,1,retinoic_nutrient_face_oil,tata_harper,moisturizer,tata_harper_retinoic_nutrient_face_oil,1.0,51.0,6082.0,4.3726,0.33,Moisturizers,145.45,8.57,0.84,Visit the Tata Harper boutique,1.0,51.0,6082.0,4.3726,0.33,Moisturizers,145.45,8.57,0.84,moisturizer,Low (3k - 7k)
Moisturizer,SEPHORA COLLECTION,Intensive Instant Moisturizer + Cream,23,4.3,"Water, Glycerin, Dicaprylyl Carbonate, C10-18 Triglycerides, Isohexadecane, Sucrose Polystearate, Glyceryl Stearate, Mica, Phenoxyethanol, Sodium Polyacrylate, Dimethicone, Cetyl Palmitate, Cetearyl Alcohol, Hydrogenated Polyisobutene, Fragrance, Sodium Stearoyl Glutamate, Xanthan Gum, Caprylyl Glycol, Hydrolyzed Yeast Extract, 1.2-Hexanediol, Tocopheryl Acetate, Mel (Honey), Phospholipids, Butyrospermum Parkii Butter (Butyrospermum Parkii (Shea Butter)), Dehydroacetic Acid, Sphingolipids, Polyglucuronic Acid, Hyaluronic Acid, Camellia Sinensis Leaf Extract, Potassium Sorbate, Sodium Benzoate, Tocopherol, Sorbic Acid, Lecithin, Ascorbyl Palmitate, Hydrogenated Palm Glycerides Citrate.",0,0,0,0,0,intensive_instant_moisturizer_cream,sephora_collection,moisturizer,sephora_collection_intensive_instant_moisturizer_cream,,,,,,,,,,"Glycerin;Dicaprylyl Carbonate;C10-18 Triglycerides;Isohexadecane;Sucrose Polystearate;Glyceryl Stearate;Mica;Phenoxyethanol;Sodium Polyacrylate;Dimethicone;Cetyl Palmitate;Cetearyl Alcohol;Hydrogenated Polyisobutene;Fragrance;Sodium Stearoyl Glutamate;Xanthan Gum;Caprylyl Glycol;Hydrolyzed Yeast Extract;1,2-Hexanediol;Tocopheryl Acetate;Mel (Honey);Phospholipids;Butyrospermum Parkii Butter (Butyrospermum Parkii (Shea Butter));Dehydroacetic Acid;Sphingolipids;Polyglucuronic Acid;Hyaluronic Acid;Camellia Sinensis Leaf Extract;Potassium Sorbate;Sodium Benzoate;Tocopherol;Sorbic Acid;Lecithin;Ascorbyl Palmitate;Hydrogenated Palm Glycerides Citrate,",,,,,,,,,,moisturizer,nan
Moisturizer,CLINIQUE,Limited Edition Dramatically Different Moisturizing Lotion+™,39,0.0,"Water, Mineral Oil/Paraffinum Liquidum/Huile Minerale, Glycerin, Petrolatum, Stearic Acid, Glyceryl Stearate, Sesamum Indicum (Sesame) Oil, Urea, Lanolin Alcohol, Triethanolamine, Hordeum Vulgare (Barley) Extract/Extrait D'Orge, Cucumis Sativus (Cucumber) Fruit Extract, Helianthus Annuus (Sunflower) Seedcake, Propylene Glycol Dicaprate, Sodium Hyaluronate, Butylene Glycol, Pentylene Glycol, Trisodium Edta, Phenoxyethanol, Yellow 6 (Ci 15985), Yellow 5 (Ci 19140), Red 33 (Ci 17200).",1,1,0,0,0,limited_edition_dramatically_different_moisturizing_lotion,clinique,moisturizer,clinique_limited_edition_dramatically_different_moisturizing_lotion,,,,,,,,,,"Mineral Oil/Paraffinum Liquidum/Huile Minerale;Glycerin;Petrolatum;Stearic Acid;Glyceryl Stearate;Sesamum Indicum (Sesame) Oil;Urea;Lanolin Alcohol;Triethanolamine;Hordeum Vulgare (Barley) Extract/Extrait D'Orge;Cucumis Sativus (Cucumber) Fruit Extract;Helianthus Annuus (Sunflower) Seedcake;Propylene Glycol Dicaprate;Sodium Hyaluronate;Butylene Glycol;Pentylene Glycol;Trisodium Edta;Phenoxyethanol;Yellow 6 (Ci 15985);Yellow 5 (Ci 19140);Red 33 (Ci 17200),",,,,,,,,,,moisturizer,nan
Moisturizer,PHILOSOPHY,Hope In A Jar,39,4.0,Visit the philosophy boutique,1,1,1,1,1,hope_in_a_jar,philosophy,moisturizer,philosophy_hope_in_a_jar,0.0,6000.0,34104.0,3.9886,2.0,Moisturizers,19.5,0.07,17.59,Visit the philosophy boutique,0.0,6000.0,34104.0,3.9886,2.0,Moisturizers,19.5,0.07,17.59,moisturizer,Very High (26k - 193k)
Moisturizer,SK-II,Facial Treatment Oil,150,4.5,"Galactomyces Ferment Filtrate*, Squalane, Simmondsia Chinensis Seed Oil/Simmondsia Chinensis (Jojoba) Seed Oil, Persea Gratissima (Avocado) Oil, Olea Europaea Fruit Oil/OleaEuropaea (Olive) Fruit Oil, Oryza Sativa Bran Oil/Oryza Sativa (Rice) Bran Oil, Water, Glycerin, Butylene Glycol, Tocopheryl Acetate, Phytosteryl Oleate, Sodium Benzoate, PVP, Methylparaben, Benzyl Alcohol, Phenoxyethanol, Disodium EDTA, Sodium Hyaluronate, Xanthan Gum, Tocopherol, Fragrance, Linalool. *Pitera.",0,0,0,0,0,facial_treatment_oil,sk_ii,moisturizer,sk_ii_facial_treatment_oil,0.0,129.0,3097.0,4.4884,1.6,Moisturizers,93.75,3.48,4.17,"Galactomyces Ferment Filtrate*;Squalane;Simmondsia Chinensis Seed Oil/Simmondsia Chinensis (Jojoba) Seed Oil;Persea Gratissima (Avocado) Oil;Olea Europaea Fruit Oil/OleaEuropaea (Olive) Fruit Oil;Oryza Sativa Bran Oil/Oryza Sativa (Rice) Bran Oil;Glycerin;Butylene Glycol;Tocopheryl Acetate;Phytosteryl Oleate;Sodium Benzoate;PVP;Methylparaben;Benzyl Alcohol;Phenoxyethanol;Disodium EDTA;Sodium Hyaluronate;Xanthan Gum;Tocopherol;Fragrance;Linalool, *Pitera,",0.0,129.0,3097.0,4.4884,1.6,Moisturizers,93.75,3.48,4.17,moisturizer,Very Low (0 - 3k)
Moisturizer,KIEHL'S SINCE 1851,Ultra Facial Cream SPF 30,29,4.2,"Water, Glycerin, Squalane, Dimethicone, Peg-100 Stearate, Glyceryl Stearate, Silica, Octyldodecanol, Stearic Acid, Phenoxyethanol, Palmitic Acid, Tocopherol, Dicaprylyl Carbonate, Steareth-100, Acrylates/C10-30 Alkyl Acrylate Crosspolymer, Ophiopogon Japonicus Root Extract, Carbomer, Chlorphenesin, Capryloyl Salicylic Acid, Caprylyl Glycol, Xanthan Gum, Dimethicone/Vinyl Dimethicone Crosspolymer, Disodium Edta, Sodium Hydroxide, Citrus Aurantium Dulcis (Orange) Peel Oil, Limonene, Ectoin, Hydrolyzed Hyaluronic Acid, Myristic Acid, Mentha Piperita (Peppermint) Oil, Pseudoalteromonas Ferment Extract, Ethylhexylglycerin, Linalool, Salicylic Acid.",1,1,1,1,1,ultra_facial_cream_spf_30,kiehl's_since_1851,moisturizer,kiehl's_since_1851_ultra_facial_cream_spf_30,0.0,67.0,10678.0,4.1343,1.7,Moisturizers,17.65,6.17,0.63,"Glycerin;Squalane;Dimethicone;Peg-100 Stearate;Glyceryl Stearate;Silica;Octyldodecanol;Stearic Acid;Phenoxyethanol;Palmitic Acid;Tocopherol;Dicaprylyl Carbonate;Steareth-100;Acrylates/C10-30 Alkyl Acrylate Crosspolymer;Ophiopogon Japonicus Root Extract;Carbomer;Chlorphenesin;Capryloyl Salicylic Acid;Caprylyl Glycol;Xanthan Gum;Dimethicone/Vinyl Dimethicone Crosspolymer;Disodium Edta;Sodium Hydroxide;Citrus Aurantium Dulcis (Orange) Peel Oil;Limonene;Ectoin;Hydrolyzed Hyaluronic Acid;Myristic Acid;Mentha Piperita (Peppermint) Oil;Pseudoalteromonas Ferment Extract;Ethylhexylglycerin;Linalool;Salicylic Acid,",0.0,67.0,10678.0,4.1343,1.7,Moisturizers,17.65,6.17,0.63,moisturizer,Medium (7k - 13k)
Moisturizer,DIOR,Capture Youth Age-Delay Advanced Crème,95,3.9,Visit the Dior boutique,1,1,1,1,1,capture_youth_age_delay_advanced_crème,dior,moisturizer,dior_capture_youth_age_delay_advanced_crème,,,,,,,,,,Visit the Dior boutique,0.0,32.0,2751.0,4.0312,1.7,,55.88,12.6,1.16,moisturizer,nan
Moisturizer,CLINIQUE,Repairwear Laser Focus Night Line Smoothing Cream for Very Dry to Dry Combination Skin,52,4.7,"Water , Pentaerythrityl Tetraethylhexanoate , Butylene Glycol , Hexyldecyl Stearate , Simmondsia Chinensis (Jojoba) Seed Oil , Glyceryl Stearate , Glycerin , Peg-100 Stearate , Hydrogenated Lecithin , Cetearyl Alcohol , Dimethicone , Behenyl Alcohol , Cetyl Ricinoleate , Aspalathus Linearis (Red Tea) Leaf Extract , Camellia Sinensis (Yellow Tea) Leaf Extract , Camellia Sinensis (White Tea) Leaf Extract , Scutellaria Baicalensis Root Extract , Betula Alba (Birch) Bark Extract , Centella Asiatica (Hydrocotyl) Extract , Morus Bombycis (Mulberry) Root Extract , Sodium Dna , Saccharomyces Lysate Extract , Astrocaryum Murumuru Seed Butter , Micrococcus Lysate , Polygonum Cuspidatum Root Extract , Hydrolyzed Rice Extract , Coffea Robusta Seed Extract , Triticum Vulgare (Wheat) Germ Extract , Padina Pavonica Thallus Extract , Rosmarinus Officinalis (Rosemary) Leaf Extract , Sigesbeckia Orientalis (St. Paul'S Wort) Extract , Hordeum Vulgare (Barley) Extract/Extrait D'Orge , Algae Extract , Acetyl Hexapeptide-8 , Betaine , Creatine , Trehalose , Caffeine , Cholesterol , Squalane , Arginine , Decarboxy Carnosine Hcl , Artemia Extract , Adenosine Phosphate , Hydroxyproline , Disodium Nadh , Ethylhexyl Stearate , Sucrose , Proline , Phytosphingosine , Propylene Glycol Dicaprate , Ethylhexyl Palmitate , Laurdimonium Hydroxypropyl Hydrolyzed Soy Protein , Acrylates Copolymer , Petrolatum , Caprylyl Glycol , Sorbitol , Acrylamide/Sodium Acryloyldimethyltaurate Copolymer , Sodium Rna , Cetearyl Glucoside , Isohexadecane , Acrylates/C10-30 Alkyl Acrylate Crosspolymer , Linoleic Acid , Tocopheryl Acetate , Tromethamine , Dipalmitoyl Hydroxyproline , Sodium Hyaluronate , Yeast Extract/Faex/Extrait De Levure , Polysorbate 80 , Coleus Barbatus Extract , Glycine Soja (Soybean) Protein , Lecithin , Glycine , Aminopropyl Ascorbyl Phosphate , Carbomer , Nordihydroguaiaretic Acid , Ascorbyl Tocopheryl Maleate , Xanthan Gum , Citric Acid , Hexylene Glycol , Potassium Sulfate , Potassium Sorbate , Disodium Edta , Phenoxyethanol",0,0,0,0,0,repairwear_laser_focus_night_line_smoothing_cream_for_very_dry_to_dry_combination_skin,clinique,moisturizer,clinique_repairwear_laser_focus_night_line_smoothing_cream_for_very_dry_to_dry_combination_skin,0.0,15.0,3458.0,4.5333,1.7,Moisturizers,30.88,30.22,0.43,"Pentaerythrityl Tetraethylhexanoate;Butylene Glycol;Hexyldecyl Stearate;Simmondsia Chinensis (Jojoba) Seed Oil;Glyceryl Stearate;Glycerin;Peg-100 Stearate;Hydrogenated Lecithin;Cetearyl Alcohol;Dimethicone;Behenyl Alcohol;Cetyl Ricinoleate;Aspalathus Linearis (Red Tea) Leaf Extract;Camellia Sinensis (Yellow Tea) Leaf Extract;Camellia Sinensis (White Tea) Leaf Extract;Scutellaria Baicalensis Root Extract;Betula Alba (Birch) Bark Extract;Centella Asiatica (Hydrocotyl) Extract;Morus Bombycis (Mulberry) Root Extract;Sodium Dna;Saccharomyces Lysate Extract;Astrocaryum Murumuru Seed Butter;Micrococcus Lysate;Polygonum Cuspidatum Root Extract;Hydrolyzed Rice Extract;Coffea Robusta Seed Extract;Triticum Vulgare (Wheat) Germ Extract;Padina Pavonica Thallus Extract;Rosmarinus Officinalis (Rosemary) Leaf Extract;Sigesbeckia Orientalis (St, Paul'S Wort) Extract;Hordeum Vulgare (Barley) Extract/Extrait D'Orge;Algae Extract;Acetyl Hexapeptide-8;Betaine;Creatine;Trehalose;Caffeine;Cholesterol;Squalane;Arginine;Decarboxy Carnosine Hcl;Artemia Extract;Adenosine Phosphate;Hydroxyproline;Disodium Nadh;Ethylhexyl Stearate;Sucrose;Proline;Phytosphingosine;Propylene Glycol Dicaprate;Ethylhexyl Palmitate;Laurdimonium Hydroxypropyl Hydrolyzed Soy Protein;Acrylates Copolymer;Petrolatum;Caprylyl Glycol;Sorbitol;Acrylamide/Sodium Acryloyldimethyltaurate Copolymer;Sodium Rna;Cetearyl Glucoside;Isohexadecane;Acrylates/C10-30 Alkyl Acrylate Crosspolymer;Linoleic Acid;Tocopheryl Acetate;Tromethamine;Dipalmitoyl Hydroxyproline;Sodium Hyaluronate;Yeast Extract/Faex/Extrait De Levure;Polysorbate 80;Coleus Barbatus Extract;Glycine Soja (Soybean) Protein;Lecithin;Glycine;Aminopropyl Ascorbyl Phosphate;Carbomer;Nordihydroguaiaretic Acid;Ascorbyl Tocopheryl Maleate;Xanthan Gum;Citric Acid;Hexylene Glycol;Potassium Sulfate;Potassium Sorbate;Disodium Edta;Phenoxyethanol",0.0,15.0,3458.0,4.5333,1.7,Moisturizers,30.88,30.22,0.43,moisturizer,Low (3k - 7k)
Moisturizer,TARTE,Maracuja Neck Treatment,44,4.0,"Water, Octyldodecanol, Glycerin, Cetearyl Alcohol, Butylene Glycol, Caprylic/Capric Triglyceride, Oryza Sativa (Rice) Starch, Simmondsia Chinensis (Jojoba) Seed Oil, PEG-20 Methyl Glucose Sesquistearate, Olus/Vegetable Oil, Phenoxyethanol, Hydroxyethyl Acrylate/Sodium Acryloyldimethyl Taurate Copolymer, Ammonium Acryloyldimethyltaurate/VP Copolymer, Ceteareth-20, Sodium Polyacrylate, Calcium Ketogluconate, Chlorphenesin, Caprylyl Glycol, Fragrance, Hydrogenated Polydecene, Xanthan Gum, Disodium EDTA, Passiflora Edulis Seed Oil, Trideceth-6, Squalane, Sodium Hydroxide, PEG-8, Polysorbate 60, Tocopherol, Sodium Hyaluronate, Sorbitan Isostearate, Ascorbyl Palmitate, Ficus-Indica Stem Extract, Pelvetia Canaliculata Extract, Ascorbic Acid, Citric Acid, Opuntia Ficus-Indica Callus Culture Extract, Dehydroacetic Acid, Dextran, Trifluoroacetyl Tripeptide-2.",0,0,0,0,0,maracuja_neck_treatment,tarte,moisturizer,tarte_maracuja_neck_treatment,0.0,93.0,14273.0,3.8817,1.7,Moisturizers,25.88,4.17,0.65,"Octyldodecanol;Glycerin;Cetearyl Alcohol;Butylene Glycol;Caprylic/Capric Triglyceride;Oryza Sativa (Rice) Starch;Simmondsia Chinensis (Jojoba) Seed Oil;PEG-20 Methyl Glucose Sesquistearate;Olus/Vegetable Oil;Phenoxyethanol;Hydroxyethyl Acrylate/Sodium Acryloyldimethyl Taurate Copolymer;Ammonium Acryloyldimethyltaurate/VP Copolymer;Ceteareth-20;Sodium Polyacrylate;Calcium Ketogluconate;Chlorphenesin;Caprylyl Glycol;Fragrance;Hydrogenated Polydecene;Xanthan Gum;Disodium EDTA;Passiflora Edulis Seed Oil;Trideceth-6;Squalane;Sodium Hydroxide;PEG-8;Polysorbate 60;Tocopherol;Sodium Hyaluronate;Sorbitan Isostearate;Ascorbyl Palmitate;Ficus-Indica Stem Extract;Pelvetia Canaliculata Extract;Ascorbic Acid;Citric Acid;Opuntia Ficus-Indica Callus Culture Extract;Dehydroacetic Acid;Dextran;Trifluoroacetyl Tripeptide-2,",0.0,93.0,14273.0,3.8817,1.7,Moisturizers,25.88,4.17,0.65,moisturizer,High (13k - 26k)
Moisturizer,GLAMGLOW,DREAMDUO™ Overnight Transforming Treatment,59,4.2,"Water, Dimethicone, Isohexadecane, Glycerin, Bis-Peg-18 Methyl Ether Dimethyl Silane, Butylene Glycol, Peg-10 Dimethicone, Propanediol, Petrolatum, Disteardimonium Hectorite, Tocopheryl Acetate, Sodium Hyaluronate, Tetrahexyldecyl Ascorbate, Camellia Sinensis (Green Tea) Leaf Extract, Citrus Reticulata (Tangerine) Peel Extract, Cladosiphon Okamuranus Extract, Coffea Arabica (Coffee) Seed Extract, Cucumis Sativus (Cucumber) Fruit Extract, Garcinia Mangostana Peel Extract, Helianthus Annuus (Sunflower) Seedcake, Hordeum Vulgare (Barley) Extract/Extrait D'Orge, Lycium Chinense (Wolfberry) Fruit Extract, Punica Granatum (Pomegranate) Extract, Sapindus Mukorossi Fruit Extract, Vaccinium Angustifolium (Blueberry) Fruit Extract, Vaccinium Macrocarpon (Cranberry) Fruit Extract, Yeast Extract/Faex/Extrait De Levure, Caesalpinia Spinosa Gum, Caffeine, Propylene Glycol Dicaprate, Ergothioneine, Sorbitol, Trehalose, Menthoxypropanediol, Dextrin, Triethoxycaprylylsilane, Polyethylene, Polysilicone-11, Glucosamine Hcl, Isododecane, Peg-6, Peg-32, Propylene Carbonate, Caprylyl Glycol, Hexylene Glycol, Citric Acid, Ethylhexyl Hydroxystearate, Fragrance, Citral, Limonene, Linalool, Bht, Disodium Edta, Sodium Citrate, Phenoxyethanol, Bismuth Oxychloride (Ci 77163), Iron Oxides (Ci 77499) Rds Product Name",1,1,1,1,0,dreamduo_overnight_transforming_treatment,glamglow,moisturizer,glamglow_dreamduo_overnight_transforming_treatment,,,,,,,,,,Dimethicone;Isohexadecane;Glycerin;Bis-Peg-18 Methyl Ether Dimethyl Silane;Butylene Glycol;Peg-10 Dimethicone;Propanediol;Petrolatum;Disteardimonium Hectorite;Tocopheryl Acetate;Sodium Hyaluronate;Tetrahexyldecyl Ascorbate;Camellia Sinensis (Green Tea) Leaf Extract;Citrus Reticulata (Tangerine) Peel Extract;Cladosiphon Okamuranus Extract;Coffea Arabica (Coffee) Seed Extract;Cucumis Sativus (Cucumber) Fruit Extract;Garcinia Mangostana Peel Extract;Helianthus Annuus (Sunflower) Seedcake;Hordeum Vulgare (Barley) Extract/Extrait D'Orge;Lycium Chinense (Wolfberry) Fruit Extract;Punica Granatum (Pomegranate) Extract;Sapindus Mukorossi Fruit Extract;Vaccinium Angustifolium (Blueberry) Fruit Extract;Vaccinium Macrocarpon (Cranberry) Fruit Extract;Yeast Extract/Faex/Extrait De Levure;Caesalpinia Spinosa Gum;Caffeine;Propylene Glycol Dicaprate;Ergothioneine;Sorbitol;Trehalose;Menthoxypropanediol;Dextrin;Triethoxycaprylylsilane;Polyethylene;Polysilicone-11;Glucosamine Hcl;Isododecane;Peg-6;Peg-32;Propylene Carbonate;Caprylyl Glycol;Hexylene Glycol;Citric Acid;Ethylhexyl Hydroxystearate;Fragrance;Citral;Limonene;Linalool;Bht;Disodium Edta;Sodium Citrate;Phenoxyethanol;Bismuth Oxychloride (Ci 77163);Iron Oxides (Ci 77499) Rds Product Name,0.0,357.0,32247.0,4.2157,,,,1.18,1.11,moisturizer,nan
Moisturizer,ALGENIST,POWER Recharging Night Pressed Serum,95,4.4,"Cocos Nucifera (Coconut) Water, Water (Aqua, Eau), Dimethicone, Glycerin, Methyl Trimethicone, Butylene Glycol, Ceresin, Cyclopentasiloxane, Ozokerite, Parachlorella Beijerinckii Exopolysaccharides, Chlorella Protothecoides, Algin, Hydrolyzed F-Fucoidan, Tripleurospermum Maritimum Extract, Camellia Sinensis Leaf Extract, Palmitoyl Hexapeptide-52, Passiflora Incarnata Extract, Ribose, Collagen, Bidens Pilosa Extract, Linum Usitatissimum (Linseed) Seed Oil, Adenosine, Elaeis Guineensis (Palm) Oil, Gossypium Herbaceum (Cotton) Seed Oil, Tocopherol, Biosaccharide Gum-4, Alpha-Glucan Oligosaccharide, BHT, Citric Acid, Leuconostoc/Radish Root Ferment Filtrate, Dimethicone/Vinyl Dimethicone Crosspolymer, Dimethicone/PEG-10/15 Crosspolymer, Dipropylene Glycol, Sodium Chloride, Lauryl PEG-9 Polydimethylsiloxyethyl Dimethicone, Propanediol, Sodium Citrate, Caprylyl Glycol, Chlorphenesin, Potassium Sorbate, Sodium Benzoate, Benzyl Alcohol, Dehydroacetic Acid, Phenoxyethanol, Fragrance (Parfum), Butylphenyl Methylpropional, Hexyl Cinnamal.",1,1,1,1,1,power_recharging_night_pressed_serum,algenist,moisturizer,algenist_power_recharging_night_pressed_serum,0.0,164.0,7961.0,4.3841,2.0,Moisturizers,47.5,2.67,2.06,"Cocos Nucifera (Coconut) Water;Water (Aqua;Eau);Dimethicone;Glycerin;Methyl Trimethicone;Butylene Glycol;Ceresin;Cyclopentasiloxane;Ozokerite;Parachlorella Beijerinckii Exopolysaccharides;Chlorella Protothecoides;Algin;Hydrolyzed F-Fucoidan;Tripleurospermum Maritimum Extract;Camellia Sinensis Leaf Extract;Palmitoyl Hexapeptide-52;Passiflora Incarnata Extract;Ribose;Collagen;Bidens Pilosa Extract;Linum Usitatissimum (Linseed) Seed Oil;Adenosine;Elaeis Guineensis (Palm) Oil;Gossypium Herbaceum (Cotton) Seed Oil;Tocopherol;Biosaccharide Gum-4;Alpha-Glucan Oligosaccharide;BHT;Citric Acid;Leuconostoc/Radish Root Ferment Filtrate;Dimethicone/Vinyl Dimethicone Crosspolymer;Dimethicone/PEG-10/15 Crosspolymer;Dipropylene Glycol;Sodium Chloride;Lauryl PEG-9 Polydimethylsiloxyethyl Dimethicone;Propanediol;Sodium Citrate;Caprylyl Glycol;Chlorphenesin;Potassium Sorbate;Sodium Benzoate;Benzyl Alcohol;Dehydroacetic Acid;Phenoxyethanol;Fragrance (Parfum);Butylphenyl Methylpropional;Hexyl Cinnamal,",0.0,164.0,7961.0,4.3841,2.0,Moisturizers,47.5,2.67,2.06,moisturizer,Medium (7k - 13k)
Moisturizer,LANCÔME,ABSOLUE PREMIUM ßx - Absolute Replenishing Lotion SPF 15 Sunscreen,185,4.1,No Info,0,0,0,0,0,absolue_premium_ßx_absolute_replenishing_lotion_spf_15_sunscreen,lancôme,moisturizer,lancôme_absolue_premium_ßx_absolute_replenishing_lotion_spf_15_sunscreen,,,,,,,,,,No Info,0.0,66.0,1641.0,4.4697,1.7,,102.94,6.77,4.02,moisturizer,nan
Moisturizer,KIEHL'S SINCE 1851,Ultra Facial Deep Moisture Balm,29,4.7,"Water, Glycerin, Shea Butter, Glyceryl Stearate, Ethylhexyl Palmitate, Squalane, Cetyl Alcohol, Cocoa Seed Butter, Mannose, Peg-100 Stearate, Carnauba Wax, Phenoxyethanol, Caprylyl Glycol, Sorbic Acid, Tocopherol, Sodium Polyacrylate, Leontopodium Alpinum Extract, Sodium Hydroxide, Stearyl Alcohol, Ceramide 3, Myristyl Alcohol, Adenosine, Capryloyl Salicylic Acid, Pseudoalteromonas Ferment Extract, Lavender Oil, Linalool.",0,1,1,0,0,ultra_facial_deep_moisture_balm,kiehl's_since_1851,moisturizer,kiehl's_since_1851_ultra_facial_deep_moisture_balm,0.0,64.0,3855.0,4.625,1.7,Moisturizers,17.65,7.23,1.66,"Glycerin;Shea Butter;Glyceryl Stearate;Ethylhexyl Palmitate;Squalane;Cetyl Alcohol;Cocoa Seed Butter;Mannose;Peg-100 Stearate;Carnauba Wax;Phenoxyethanol;Caprylyl Glycol;Sorbic Acid;Tocopherol;Sodium Polyacrylate;Leontopodium Alpinum Extract;Sodium Hydroxide;Stearyl Alcohol;Ceramide 3;Myristyl Alcohol;Adenosine;Capryloyl Salicylic Acid;Pseudoalteromonas Ferment Extract;Lavender Oil;Linalool,",0.0,64.0,3855.0,4.625,1.7,Moisturizers,17.65,7.23,1.66,moisturizer,Low (3k - 7k)
Moisturizer,ALGENIST,Firming & Lifting Neck Cream,98,3.9,"Water, Isononyl Isononanoate, Dimethicone, Butyrospermum Parkii (Shea) Butter, Butylene Glycol, Glycerin, Capric/ Caprylic Triglyceride, Cetearyl Alcohol, PPG-3 Benzyl Ether Myristate, Sorbitan Stearate, Glyceryl Stearate, PEG-100 Stearate, Pentylene Glycol, Algae Exopolysaccharides, Hydrolyzed Quinoa, Hydrolyzed Rice Protein, Algae Extract, Palmitoyl Tetrapeptide-7, Palmitoyl Oligopeptide, Acetyl Dipeptide-1 Cetyl Ester, Whey Protein, Hydrolyzed Manihot Esculenta Tuber Extract, Lactic Acid, Dimethicone Crosspolymer, Caprylyl Glycol, Pullulan, Potassium Sorbate, Sodium Hydroxide, Sorbitan Laurate, Acrylates/C10-30 Alkyl Acrylate Crosspolymer, Lactose, Hydroxyethylcellulose, Limonene, Carbomer, Hexylene Glycol, Citronellol, Disodium EDTA, Lilial, Polysorbate 20, Sodium Benzoate, Lyral, Ethylhexylglycerin, Phenoxyethanol, Fragrance.",0,0,0,0,0,firming_lifting_neck_cream,algenist,moisturizer,algenist_firming_lifting_neck_cream,0.0,32.0,4330.0,3.875,2.0,Moisturizers,49.0,12.11,0.74,"Isononyl Isononanoate;Dimethicone;Butyrospermum Parkii (Shea) Butter;Butylene Glycol;Glycerin;Capric/ Caprylic Triglyceride;Cetearyl Alcohol;PPG-3 Benzyl Ether Myristate;Sorbitan Stearate;Glyceryl Stearate;PEG-100 Stearate;Pentylene Glycol;Algae Exopolysaccharides;Hydrolyzed Quinoa;Hydrolyzed Rice Protein;Algae Extract;Palmitoyl Tetrapeptide-7;Palmitoyl Oligopeptide;Acetyl Dipeptide-1 Cetyl Ester;Whey Protein;Hydrolyzed Manihot Esculenta Tuber Extract;Lactic Acid;Dimethicone Crosspolymer;Caprylyl Glycol;Pullulan;Potassium Sorbate;Sodium Hydroxide;Sorbitan Laurate;Acrylates/C10-30 Alkyl Acrylate Crosspolymer;Lactose;Hydroxyethylcellulose;Limonene;Carbomer;Hexylene Glycol;Citronellol;Disodium EDTA;Lilial;Polysorbate 20;Sodium Benzoate;Lyral;Ethylhexylglycerin;Phenoxyethanol;Fragrance,",0.0,32.0,4330.0,3.875,2.0,Moisturizers,49.0,12.11,0.74,moisturizer,Low (3k - 7k)
Moisturizer,SHISEIDO,White Lucent All Day Brightener Broad Spectrum SPF 23 Moisturizer,62,4.6,"Water, Sd Alcohol 40-B, Dimethicone, Dipropylene Glycol, Diisopropyl Sebacate, Glycerin, Peg-60 Hydrogenated Castor Oil, Potassium Methoxysalicylate, Xanthan Gum, Peg/Ppg-14/7 Dimethyl Ether, Tocopheryl Acetate, 2-O-Ethyl Ascorbic Acid, Ascorbyl Tetraisopalmitate, Sodium Hyaluronate, Paeonia Suffruticosa Root Extract, Crataegus Monogyna Flower Extract, Polyquaternium-51, Rehmannia Chinensis Root Extract, Uncaria Gambir Extract, Houttuynia Cordata Extract, Ppg-17, Peg-240/Hdi Copolymer Bis-Decyltetradeceth-20 Ether, Triethanolamine, Silica, Isostearic Acid, Butylene Glycol, Carbomer, Acrylates/C10-30 Alkyl Acrylate Crosspolymer, Alcohol, Bht, Sodium Metaphosphate, Disodium Edta, Tocopherol, Zinc Oxide, Sodium Metabisulfite, Alumina, Prunus Yedoensis Leaf Extract, Methylparaben, Ethylparaben, Phenoxyethanol, Fragrance, Titanium Dioxide, Mica, Iron Oxides.",1,1,1,0,0,white_lucent_all_day_brightener_broad_spectrum_spf_23_moisturizer,shiseido,moisturizer,shiseido_white_lucent_all_day_brightener_broad_spectrum_spf_23_moisturizer,0.0,8.0,3647.0,4.625,1.8,Moisturizers,34.44,57.81,0.22,"Sd Alcohol 40-B;Dimethicone;Dipropylene Glycol;Diisopropyl Sebacate;Glycerin;Peg-60 Hydrogenated Castor Oil;Potassium Methoxysalicylate;Xanthan Gum;Peg/Ppg-14/7 Dimethyl Ether;Tocopheryl Acetate;2-O-Ethyl Ascorbic Acid;Ascorbyl Tetraisopalmitate;Sodium Hyaluronate;Paeonia Suffruticosa Root Extract;Crataegus Monogyna Flower Extract;Polyquaternium-51;Rehmannia Chinensis Root Extract;Uncaria Gambir Extract;Houttuynia Cordata Extract;Ppg-17;Peg-240/Hdi Copolymer Bis-Decyltetradeceth-20 Ether;Triethanolamine;Silica;Isostearic Acid;Butylene Glycol;Carbomer;Acrylates/C10-30 Alkyl Acrylate Crosspolymer;Alcohol;Bht;Sodium Metaphosphate;Disodium Edta;Tocopherol;Zinc Oxide;Sodium Metabisulfite;Alumina;Prunus Yedoensis Leaf Extract;Methylparaben;Ethylparaben;Phenoxyethanol;Fragrance;Titanium Dioxide;Mica;Iron Oxides,",0.0,8.0,3647.0,4.625,1.8,Moisturizers,34.44,57.81,0.22,moisturizer,Low (3k - 7k)
Moisturizer,SATURDAY SKIN,Featherweight Daily Moisturizing Cream,49,4.6,"Water, Butylene Glycol, Ethylhexyl Palmitate, Glycerin, Cyclopentasiloxane, Dipropylene Glyco,l Octyldodecyl Myristate, Silica, Cetearyl Alcohol, Cyclohexasiloxane, Polysorbate 60, 1,2-Hexanediol, Citrus Limon (Lemon) Peel Oil, Juniperus Mexicana Oil, Hydrolyzed Avocado Protein, Citrus Aurantium Dulcis (Orange) Peel Oil, Citrus Grandis (Grapefruit) Peel Oil, Eucalyptus Globulus Leaf Oil, Lavandula Angustifolia (Lavender) Oil, Rosmarinus Officinalis (Rosemary) Leaf Oil, Ananas Sativus (Pineapple) Fruit Extract, Pyrus Malus (Apple) Fruit Extract, Actinidia Chinensis (Kiwi) Fruit Extract, Fragaria Vesca (Strawberry) Fruit Extract, Prunus Persica (Peach) Fruit Extract, Vitis Vinifera (Grape) Fruit Extract, Ficus Carica (Fig) Fruit Extract, Ginkgo Biloba Nut Extract, Morus Alba Fruit Extract, Punica Granatum Fruit Extract, Phoenix Dactylifera (Date) Seed, Glyceryl Stearate, Ammonium Acryloyldimethyltaurate/VP Copolymer, Sorbitan Sesquioleate, Tromethamine, PEG-100 Stearate, Caprylyl Glycol, Cetearyl Olivate, Sorbitan Olivate, Stearic Acid, Dimethicone Crosspolymer, Dimethiconol, Hydrogenated Lecithin, Acrylates/C10-30 Alkyl Acrylate Crosspolymer, Ceteareth-20, Maltodextrin, Saccharide Hydrolysate, Cholesterol, PEG-800, Ascorbic Acid, Polysorbate 20, sh-Oligopeptide-1, sh-Polypeptide-1, sh-Oligopeptide-2, sh-Polypeptide-22, sh-Polypeptide-45, sh-Polypeptide-8, sh-Polypeptide-9, Carbomer, Xanthan Gum, Disodium EDTA, Phenoxyethanol.",1,1,1,1,1,featherweight_daily_moisturizing_cream,saturday_skin,moisturizer,saturday_skin_featherweight_daily_moisturizing_cream,0.0,865.0,12626.0,4.5491,1.69,Moisturizers,28.99,0.53,6.85,"Butylene Glycol;Ethylhexyl Palmitate;Glycerin;Cyclopentasiloxane;Dipropylene Glyco;l Octyldodecyl Myristate;Silica;Cetearyl Alcohol;Cyclohexasiloxane;Polysorbate 60;1,2-Hexanediol;Citrus Limon (Lemon) Peel Oil;Juniperus Mexicana Oil;Hydrolyzed Avocado Protein;Citrus Aurantium Dulcis (Orange) Peel Oil;Citrus Grandis (Grapefruit) Peel Oil;Eucalyptus Globulus Leaf Oil;Lavandula Angustifolia (Lavender) Oil;Rosmarinus Officinalis (Rosemary) Leaf Oil;Ananas Sativus (Pineapple) Fruit Extract;Pyrus Malus (Apple) Fruit Extract;Actinidia Chinensis (Kiwi) Fruit Extract;Fragaria Vesca (Strawberry) Fruit Extract;Prunus Persica (Peach) Fruit Extract;Vitis Vinifera (Grape) Fruit Extract;Ficus Carica (Fig) Fruit Extract;Ginkgo Biloba Nut Extract;Morus Alba Fruit Extract;Punica Granatum Fruit Extract;Phoenix Dactylifera (Date) Seed;Glyceryl Stearate;Ammonium Acryloyldimethyltaurate/VP Copolymer;Sorbitan Sesquioleate;Tromethamine;PEG-100 Stearate;Caprylyl Glycol;Cetearyl Olivate;Sorbitan Olivate;Stearic Acid;Dimethicone Crosspolymer;Dimethiconol;Hydrogenated Lecithin;Acrylates/C10-30 Alkyl Acrylate Crosspolymer;Ceteareth-20;Maltodextrin;Saccharide Hydrolysate;Cholesterol;PEG-800;Ascorbic Acid;Polysorbate 20;sh-Oligopeptide-1;sh-Polypeptide-1;sh-Oligopeptide-2;sh-Polypeptide-22;sh-Polypeptide-45;sh-Polypeptide-8;sh-Polypeptide-9;Carbomer;Xanthan Gum;Disodium EDTA;Phenoxyethanol,",0.0,865.0,12626.0,4.5491,1.69,Moisturizers,28.99,0.53,6.85,moisturizer,Medium (7k - 13k)
Moisturizer,LA MER,The Moisturizing Matte Lotion,270,3.9,"Water, Algae (Seaweed) Extract, Propanediol, Squalane, Propylene Glycol Dicaprylate/Dicaprate, Methyl Methacrylate Crosspolymer, Hydrogenated Lecithin, Butylene Glycol, Octyldodecyl Neopentanoate, Glyceryl Stearate Se, Sesamum Indicum (Sesame) Seed Oil, Medicago Sativa (Alfalfa) Seed Powder, Helianthus Annuus (Sunflower) Seedcake, Prunus Amygdalus Dulcis (Sweet Almond) Seed Meal, Eucalyptus Globulus (Eucalyptus) Leaf Oil, Sodium Gluconate, Copper Gluconate, Calcium Gluconate, Magnesium Gluconate, Zinc Gluconate, Tocopheryl Succinate, Niacin, Sesamum Indicum (Sesame) Seed Powder, Citrus Aurantifolia (Lime) Peel Extract, Nylon-12, Sucrose, Salicornia Herbacea Extract, Hydrolyzed Rice Extract, Sea Salt/Maris Sal/Sel Marin, Laminaria Saccharina Extract, Crithmum Maritimum Extract, Chlorella Vulgaris Extract, Padina Pavonica Thallus Extract, Macrocystis Pyrifera (Kelp) Extract, Spirulina Platensis (Algae) Powder, Plankton Extract, Hydrolyzed Algin, Sigesbeckia Orientalis (St. Paul'S Wort) Extract, Glycerin, Laminaria Digitata Extract, Sodium Hyaluronate, Glucose Oxidase, Lactoperoxidase, Acetyl Hexapeptide-8, Dipalmitoyl Hydroxyproline, Caffeine, Glucose, Caprylic/Capric Triglyceride, Behenyl Alcohol, Dimethicone, Tocopheryl Acetate, Acrylamide/Sodium Acryloyldimethyltaurate Copolymer, Tetrahexyldecyl Ascorbate, Polyacrylate Crosspolymer-6, Isohexadecane, Lecithin, Potassium Stearate, Hydrogenated Vegetable Oil, Kaolin, Polysorbate 80, Fragrance, Xanthan Gum, Alcohol Denat., Disodium Edta, Bht, Limonene, Linalool, Citral, Hydroxycitronellal, Citronellol, Geraniol, Benzyl Salicylate, Benzyl Benzoate, Phenoxyethanol",0,0,1,1,0,the_moisturizing_matte_lotion,la_mer,moisturizer,la_mer_the_moisturizing_matte_lotion,0.0,11.0,2879.0,3.8182,1.7,Moisturizers,158.82,34.71,0.38,"Algae (Seaweed) Extract;Propanediol;Squalane;Propylene Glycol Dicaprylate/Dicaprate;Methyl Methacrylate Crosspolymer;Hydrogenated Lecithin;Butylene Glycol;Octyldodecyl Neopentanoate;Glyceryl Stearate Se;Sesamum Indicum (Sesame) Seed Oil;Medicago Sativa (Alfalfa) Seed Powder;Helianthus Annuus (Sunflower) Seedcake;Prunus Amygdalus Dulcis (Sweet Almond) Seed Meal;Eucalyptus Globulus (Eucalyptus) Leaf Oil;Sodium Gluconate;Copper Gluconate;Calcium Gluconate;Magnesium Gluconate;Zinc Gluconate;Tocopheryl Succinate;Niacin;Sesamum Indicum (Sesame) Seed Powder;Citrus Aurantifolia (Lime) Peel Extract;Nylon-12;Sucrose;Salicornia Herbacea Extract;Hydrolyzed Rice Extract;Sea Salt/Maris Sal/Sel Marin;Laminaria Saccharina Extract;Crithmum Maritimum Extract;Chlorella Vulgaris Extract;Padina Pavonica Thallus Extract;Macrocystis Pyrifera (Kelp) Extract;Spirulina Platensis (Algae) Powder;Plankton Extract;Hydrolyzed Algin;Sigesbeckia Orientalis (St, Paul'S Wort) Extract;Glycerin;Laminaria Digitata Extract;Sodium Hyaluronate;Glucose Oxidase;Lactoperoxidase;Acetyl Hexapeptide-8;Dipalmitoyl Hydroxyproline;Caffeine;Glucose;Caprylic/Capric Triglyceride;Behenyl Alcohol;Dimethicone;Tocopheryl Acetate;Acrylamide/Sodium Acryloyldimethyltaurate Copolymer;Tetrahexyldecyl Ascorbate;Polyacrylate Crosspolymer-6;Isohexadecane;Lecithin;Potassium Stearate;Hydrogenated Vegetable Oil;Kaolin;Polysorbate 80;Fragrance;Xanthan Gum;Alcohol Denat,;Disodium Edta;Bht;Limonene;Linalool;Citral;Hydroxycitronellal;Citronellol;Geraniol;Benzyl Salicylate;Benzyl Benzoate;Phenoxyethanol",0.0,11.0,2879.0,3.8182,1.7,Moisturizers,158.82,34.71,0.38,moisturizer,Very Low (0 - 3k)
Moisturizer,HERBIVORE,Jasmine Green Tea Balancing Toner,39,4.2,"Jasminum Officinale (Jasmine) Flower Water, Hamamelis Virginiana (Witch Hazel) Flower Water, Aloe Barbadensis Leaf Water, Salix Alba (Willow) Bark Extract, Camellia Sinensis (Green Tea) Leaf Extract, Camellia Sinensis (White Tea) Leaf Extract, Zingiber Officinale (Ginger) Root Extract, Leuconostoc/Radish Root Ferment Filtrate, Jasminum Grandiflorum Floral Extract,Melia Azadirachta Leaf Extract, Melia Azadirachta Flower Extract.",1,0,0,1,1,jasmine_green_tea_balancing_toner,herbivore,moisturizer,herbivore_jasmine_green_tea_balancing_toner,1.0,198.0,24164.0,4.1364,4.0,Moisturizers,9.75,2.09,0.82,"Jasminum Officinale (Jasmine) Flower Water;Hamamelis Virginiana (Witch Hazel) Flower Water;Aloe Barbadensis Leaf Water;Salix Alba (Willow) Bark Extract;Camellia Sinensis (Green Tea) Leaf Extract;Camellia Sinensis (White Tea) Leaf Extract;Zingiber Officinale (Ginger) Root Extract;Leuconostoc/Radish Root Ferment Filtrate;Jasminum Grandiflorum Floral Extract;Melia Azadirachta Leaf Extract;Melia Azadirachta Flower Extract,",1.0,198.0,24164.0,4.1364,4.0,Moisturizers,9.75,2.09,0.82,moisturizer,High (13k - 26k)
Moisturizer,CLARINS,Super Restorative Night Age Spot Correcting Replenishing Cream,136,4.5,"Water, Cetearyl Isononanoate, Dimethicone, Glycerin, Hydrogenated Polyisobutene, Cetearyl Alcohol, Butyrospermum Parkii (Shea) Butter, Hydrogenated Coco-Glycerides, Pentylene Glycol, Glyceryl Stearate, Peg-100 Stearate, Cetearyl Glucoside, Phenoxyethanol, Parfum/Fragrance, Propylene Glycol, Hydroxyethyl Acrylate/Sodium Acryloyldimethyl Taurate Copolymer, Hexylresorcinol, Carbomer, Squalane, Polymethyl Methacrylate, Mica, Ci 77891/Titanium Dioxide, Tocopheryl Acetate, Sodium Hyaluronate, Sodium Hydroxide, Sorbic Acid, Xanthan Gum, Caprylic/Capric Triglyceride, O-Cymen-5-Ol, Butylene Glycol, Citric Acid, Disodium Edta, Polysorbate 60, Ginkgo Biloba Leaf Extract, Harungana Madagascariensis Extract, Sorbitan Isostearate, Olea Europaea (Olive) Fruit Extract, Cistus Monspeliensis Extract, Acetyl Tetrapeptide-2, Dextran, Tocopherol.",0,0,0,0,0,super_restorative_night_age_spot_correcting_replenishing_cream,clarins,moisturizer,clarins_super_restorative_night_age_spot_correcting_replenishing_cream,0.0,7.0,1606.0,4.5714,1.3,Moisturizers,105.38,65.31,0.44,"Cetearyl Isononanoate;Dimethicone;Glycerin;Hydrogenated Polyisobutene;Cetearyl Alcohol;Butyrospermum Parkii (Shea) Butter;Hydrogenated Coco-Glycerides;Pentylene Glycol;Glyceryl Stearate;Peg-100 Stearate;Cetearyl Glucoside;Phenoxyethanol;Parfum/Fragrance;Propylene Glycol;Hydroxyethyl Acrylate/Sodium Acryloyldimethyl Taurate Copolymer;Hexylresorcinol;Carbomer;Squalane;Polymethyl Methacrylate;Mica;Ci 77891/Titanium Dioxide;Tocopheryl Acetate;Sodium Hyaluronate;Sodium Hydroxide;Sorbic Acid;Xanthan Gum;Caprylic/Capric Triglyceride;O-Cymen-5-Ol;Butylene Glycol;Citric Acid;Disodium Edta;Polysorbate 60;Ginkgo Biloba Leaf Extract;Harungana Madagascariensis Extract;Sorbitan Isostearate;Olea Europaea (Olive) Fruit Extract;Cistus Monspeliensis Extract;Acetyl Tetrapeptide-2;Dextran;Tocopherol,",0.0,7.0,1606.0,4.5714,1.3,Moisturizers,105.38,65.31,0.44,moisturizer,Very Low (0 - 3k)
Moisturizer,KATE SOMERVILLE,Goat Milk Moisturizing Cream,65,4.1,"Water, Ethylhexyl Palmitate, Myristyl Myristate, Glyceryl Stearate, PEG-100 Stearate, Cetearyl Ethylhexanoate, Decyl Oleate, Glycerin, Propanediol, Goat Milk Powder, Lactose, Milk Protein, Helianthus Annuus (Sunflower) Seed Oil, Hamamelis Virginiana (Witch Hazel) Flower Water, Cocos Nucifera (Coconut) Oil, Persea Gratissima (Avocado) Oil, Simmondsia Chinensis (Jojoba) Seed Oil, Vitis Vinifera (Grape) Seed Oil, Aloe Barbadensis Leaf Juice Powder, Oryza Sativa (Rice) Bran Extract, Rosmarinus Officinalis (Rosemary) Leaf Extract, Tocopheryl Acetate, Tocopherol, Caprylyl Glycol, Acrylates/C10-30 Alkyl Acrylate Crosspolymer, Phenoxyethanol, Ethylhexylglycerin, Hexylene Glycol, Xanthan Gum, Aminomethyl Propanol, Disodium EDTA, Lactic Acid, Benzoic Acid.",1,1,1,1,1,goat_milk_moisturizing_cream,kate_somerville,moisturizer,kate_somerville_goat_milk_moisturizing_cream,0.0,485.0,13720.0,4.1567,1.7,Moisturizers,38.24,0.86,3.53,"Ethylhexyl Palmitate;Myristyl Myristate;Glyceryl Stearate;PEG-100 Stearate;Cetearyl Ethylhexanoate;Decyl Oleate;Glycerin;Propanediol;Goat Milk Powder;Lactose;Milk Protein;Helianthus Annuus (Sunflower) Seed Oil;Hamamelis Virginiana (Witch Hazel) Flower Water;Cocos Nucifera (Coconut) Oil;Persea Gratissima (Avocado) Oil;Simmondsia Chinensis (Jojoba) Seed Oil;Vitis Vinifera (Grape) Seed Oil;Aloe Barbadensis Leaf Juice Powder;Oryza Sativa (Rice) Bran Extract;Rosmarinus Officinalis (Rosemary) Leaf Extract;Tocopheryl Acetate;Tocopherol;Caprylyl Glycol;Acrylates/C10-30 Alkyl Acrylate Crosspolymer;Phenoxyethanol;Ethylhexylglycerin;Hexylene Glycol;Xanthan Gum;Aminomethyl Propanol;Disodium EDTA;Lactic Acid;Benzoic Acid,",0.0,485.0,13720.0,4.1567,1.7,Moisturizers,38.24,0.86,3.53,moisturizer,High (13k - 26k)
Moisturizer,GO-TO,Face Hero,34,4.8,"Almond Oil, Jojoba Oil, Macadamia Oil, Brazil Nut Oil, Evening Primrose Oil, Buriti Oil, Arnica Oil, Rosehip Oil, Calendula Oil, Kiwi Fruit Seed Oil, Tocopherol (Vitamin E), Totarol, Rosemary Leaf Extract, Natural Fragrance (Orange Blossom & Rose Gardenia.)",1,1,1,1,1,face_hero,go_to,moisturizer,go_to_face_hero,1.0,92.0,9941.0,4.6413,1.0,Moisturizers,34.0,5.04,0.93,"Almond Oil;Jojoba Oil;Macadamia Oil;Brazil Nut Oil;Evening Primrose Oil;Buriti Oil;Arnica Oil;Rosehip Oil;Calendula Oil;Kiwi Fruit Seed Oil;Tocopherol (Vitamin E);Totarol;Rosemary Leaf Extract;Natural Fragrance (Orange Blossom & Rose Gardenia,)",1.0,92.0,9941.0,4.6413,1.0,Moisturizers,34.0,5.04,0.93,moisturizer,Medium (7k - 13k)
Cleanser,DRUNK ELEPHANT,T.L.C. Sukari Babyfacial™,80,4.5,"Water, Glycolic Acid, Hydroxyethyl Acrylate/Sodium Acryloyldimethyl Taurate Copolymer, Glycerin, Sodium Hydroxide, Salicylic Acid, Aloe Barbadensis Leaf Extract, Camellia Oleifera Leaf Extract, Lactobacillus/Pumpkin Ferment Extract, Lactobacillus/Punica Granatum Fruit Ferment Extract, Opuntia Ficus-Indica Extract, Pyrus Malus (Apple) Fruit Extract, Silybum Marianum Seed Extract, Saccharomyces Cerevisiae Extract, Vitis Vinifera (Grape) Juice Extract, Camellia Sinensis Leaf Powder, Cicer Arietinum Seed Powder, Sclerocarya Birrea Seed Oil, Passiflora Edulis Seed Oil, Leuconostoc/Radish Root Ferment Filtrate, Sodium Hyaluronate Crosspolymer, Sodium PCA, Allantoin, Dipotassium Glycyrrhizate, Dextrin, Polydextrose, Sorbitan Isostearate, Amylopectin, Niacinamide, Phytosphingosine, Lactic Acid, Propanediol, Citric Acid, Titanium Dioxide, Trisodium Ethylenediamine Disuccinate, Polysorbate 60, Caprylyl Glycol, Chlorphenesin, Phenoxyethanol.",1,1,1,1,0,t.l.c._sukari_babyfacial,drunk_elephant,cleanser,drunk_elephant_t.l.c._sukari_babyfacial,,,,,,,,,,"Glycolic Acid;Hydroxyethyl Acrylate/Sodium Acryloyldimethyl Taurate Copolymer;Glycerin;Sodium Hydroxide;Salicylic Acid;Aloe Barbadensis Leaf Extract;Camellia Oleifera Leaf Extract;Lactobacillus/Pumpkin Ferment Extract;Lactobacillus/Punica Granatum Fruit Ferment Extract;Opuntia Ficus-Indica Extract;Pyrus Malus (Apple) Fruit Extract;Silybum Marianum Seed Extract;Saccharomyces Cerevisiae Extract;Vitis Vinifera (Grape) Juice Extract;Camellia Sinensis Leaf Powder;Cicer Arietinum Seed Powder;Sclerocarya Birrea Seed Oil;Passiflora Edulis Seed Oil;Leuconostoc/Radish Root Ferment Filtrate;Sodium Hyaluronate Crosspolymer;Sodium PCA;Allantoin;Dipotassium Glycyrrhizate;Dextrin;Polydextrose;Sorbitan Isostearate;Amylopectin;Niacinamide;Phytosphingosine;Lactic Acid;Propanediol;Citric Acid;Titanium Dioxide;Trisodium Ethylenediamine Disuccinate;Polysorbate 60;Caprylyl Glycol;Chlorphenesin;Phenoxyethanol,",1.0,1000.0,178783.0,4.4283,1.69,Treatments,47.34,0.44,0.56,cleanser,nan
Cleanser,DRUNK ELEPHANT,T.L.C. Framboos™ Glycolic Night Serum,90,4.3,"Water, Glycolic Acid, Butylene Glycol, Glycerin, Sodium Hydroxide, Salicylic Acid, Lactic Acid, Citric Acid, Vitis Vinifera (Grape) Juice Extract, Aloe Barbadensis Leaf Juice, Opuntia Ficus-Indica Extract, Aesculus Hippocastanum (Horse Chestnut) Seed Extract, Camellia Sinensis Leaf Extract, Rubus Idaeus (Raspberry) Fruit Extract, Saccharomyces Cerevisiae Extract, Buddleja Davidii Meristem Cell Culture, Sclerocarya Birrea Seed Oil, Sodium Hyaluronate Crosspolymer, Allantoin, Hydroxyethylcellulose, Galactoarabinan, Propanediol, Disodium EDTA, Xanthan Gum, Hexylene Glycol, Phenoxyethanol, Caprylyl Glycol, Ethylhexylglycerin, Sodium Nitrate, Potassium Sorbate, Pentylene Glycol, Sodium Benzoate.",1,1,1,1,0,t.l.c._framboos_glycolic_night_serum,drunk_elephant,cleanser,drunk_elephant_t.l.c._framboos_glycolic_night_serum,,,,,,,,,,"Glycolic Acid;Butylene Glycol;Glycerin;Sodium Hydroxide;Salicylic Acid;Lactic Acid;Citric Acid;Vitis Vinifera (Grape) Juice Extract;Aloe Barbadensis Leaf Juice;Opuntia Ficus-Indica Extract;Aesculus Hippocastanum (Horse Chestnut) Seed Extract;Camellia Sinensis Leaf Extract;Rubus Idaeus (Raspberry) Fruit Extract;Saccharomyces Cerevisiae Extract;Buddleja Davidii Meristem Cell Culture;Sclerocarya Birrea Seed Oil;Sodium Hyaluronate Crosspolymer;Allantoin;Hydroxyethylcellulose;Galactoarabinan;Propanediol;Disodium EDTA;Xanthan Gum;Hexylene Glycol;Phenoxyethanol;Caprylyl Glycol;Ethylhexylglycerin;Sodium Nitrate;Potassium Sorbate;Pentylene Glycol;Sodium Benzoate,",1.0,1000.0,144421.0,4.2968,1.0,,90.0,0.43,0.69,cleanser,nan
Cleanser,FRESH,Soy Face Cleanser,38,4.4,"Water, Coco-Glucoside, Glycerin, Butylene Glycol, PEG-7 GlycerylCocoate, Xanthan Gum, Soybean Oil, Sunflower Seed Oil, Borago Officinalis Seed Oil, Aloe Barbadensis Leaf Juice, Cucumber Fruit Extract, Rosa Damascena Extract, Rosa Damascena Flower Water, Centaurea Cyanus Flower Extract, Soybean Sterols, Panax Ginseng Root Extract, Rosa Damascena Flower Oil, Mallow Flower Extract, Tocopherol, Ascorbyl Palmitate, PEG-120Methyl Glucose Dioleate, PEG-40Hydrogenated Castor Oil, Caprylyl Glycol, Polysorbate20, Caprylic/Capric Triglyceride, Silica, Benzoic Acid, Disodium EDTA, Citric Acid, Behenyl Alcohol, Glyceryl Stearate, Lecithin, Pentylene Glycol, Hydrolyzed Soy Protein, Caramel, Sodium Benzoate, Potassium Sorbate, Phenoxyethanol.",0,0,0,0,0,soy_face_cleanser,fresh,cleanser,fresh_soy_face_cleanser,,,,,,,,,,"Coco-Glucoside;Glycerin;Butylene Glycol;PEG-7 GlycerylCocoate;Xanthan Gum;Soybean Oil;Sunflower Seed Oil;Borago Officinalis Seed Oil;Aloe Barbadensis Leaf Juice;Cucumber Fruit Extract;Rosa Damascena Extract;Rosa Damascena Flower Water;Centaurea Cyanus Flower Extract;Soybean Sterols;Panax Ginseng Root Extract;Rosa Damascena Flower Oil;Mallow Flower Extract;Tocopherol;Ascorbyl Palmitate;PEG-120Methyl Glucose Dioleate;PEG-40Hydrogenated Castor Oil;Caprylyl Glycol;Polysorbate20;Caprylic/Capric Triglyceride;Silica;Benzoic Acid;Disodium EDTA;Citric Acid;Behenyl Alcohol;Glyceryl Stearate;Lecithin;Pentylene Glycol;Hydrolyzed Soy Protein;Caramel;Sodium Benzoate;Potassium Sorbate;Phenoxyethanol,",,,,,,,,,,cleanser,nan
Cleanser,FARMACY,Green Clean Makeup Meltaway Cleansing Balm with Echinacea GreenEnvy™,34,4.6,"Cetyl Ethylhexanoate, Caprylic/Capric Triglyceride, Peg-20 Glyceryl Triisostearate, Peg-10 Isostearate, Polyethylene, Phenoxyethanol, Sorbitan Sesquioleate, Citrus Aurantifolia (Lime) Oil, Citrus Aurantium Bergamia (Bergamot) Fruit Oil, Melia Azadirachta Leaf Extract, Melia Azadirachta Flower Extract, Amino Esters-1, Citrus Aurantium Dulcis (Orange) Peel Oil, Amber Powder, Cananga Odorata Flower Oil, Coccinia Indica Fruit Extract, Solanum Melongena (Eggplant) Fruit Extract, Curcuma Longa (Turmeric) Root Extract, Ocimum Sanctum Leaf Extract, Corallina Officinalis Extract, Moringa Oleifera Seed Oil, Zingiber Officinale (Ginger) Root Oil, Helianthus Annuus (Sunflower) Seed Oil, Water, Glycerin, Butylene Glycol, Echinacea Purpurea Root Extract, Carica Papaya (Papaya) Fruit Extract, Moringa Pterygosperma Seed Extract, Disodium Phosphate, Citric Acid.",1,1,1,1,1,green_clean_makeup_meltaway_cleansing_balm_with_echinacea_greenenvy,farmacy,cleanser,farmacy_green_clean_makeup_meltaway_cleansing_balm_with_echinacea_greenenvy,,,,,,,,,,"Cetyl Ethylhexanoate;Caprylic/Capric Triglyceride;Peg-20 Glyceryl Triisostearate;Peg-10 Isostearate;Polyethylene;Phenoxyethanol;Sorbitan Sesquioleate;Citrus Aurantifolia (Lime) Oil;Citrus Aurantium Bergamia (Bergamot) Fruit Oil;Melia Azadirachta Leaf Extract;Melia Azadirachta Flower Extract;Amino Esters-1;Citrus Aurantium Dulcis (Orange) Peel Oil;Amber Powder;Cananga Odorata Flower Oil;Coccinia Indica Fruit Extract;Solanum Melongena (Eggplant) Fruit Extract;Curcuma Longa (Turmeric) Root Extract;Ocimum Sanctum Leaf Extract;Corallina Officinalis Extract;Moringa Oleifera Seed Oil;Zingiber Officinale (Ginger) Root Oil;Helianthus Annuus (Sunflower) Seed Oil;Glycerin;Butylene Glycol;Echinacea Purpurea Root Extract;Carica Papaya (Papaya) Fruit Extract;Moringa Pterygosperma Seed Extract;Disodium Phosphate;Citric Acid,",,,,,,,,,,cleanser,nan
Cleanser,PHILOSOPHY,Purity Made Simple Cleanser,24,4.5,"Water, Sodium Lauroamphoacetate, Sodium Trideceth Sulfate, Limnanthes Alba (Meadowfoam) Seed Oil, Coco-Glucoside, Coconut Alcohol, Peg-120 Methyl Glucose Dioleate, Glycerin, Carbomer, Isopropyl Alcohol, Polysorbate 20, Citric Acid, Imidazolidinyl Urea, Methylparaben, Aniba Rosaeodora (Rosewood) Wood Oil, Propylparaben, Triethanolamine, Amyris Balsamifera Bark Oil, Bulnesia Sarmientoi Wood Oil, Cymbopogon Martini Oil, Pelargonium Graveolens Flower Oil, Rosa Centifolia Flower Oil, Santalum Album (Sandalwood) Oil, Daucus Carota Sativa (Carrot) Seed Oil, Mimosa Tenuiflora Bark Extract, Ormenis Multicaulis Oil, Piper Nigrum (Pepper) Fruit Oil, Salvia Sclarea (Clary) Oil, Fd&C Yellow No. 5 (Ci 19140).",1,1,1,1,1,purity_made_simple_cleanser,philosophy,cleanser,philosophy_purity_made_simple_cleanser,,,,,,,,,,"Sodium Lauroamphoacetate;Sodium Trideceth Sulfate;Limnanthes Alba (Meadowfoam) Seed Oil;Coco-Glucoside;Coconut Alcohol;Peg-120 Methyl Glucose Dioleate;Glycerin;Carbomer;Isopropyl Alcohol;Polysorbate 20;Citric Acid;Imidazolidinyl Urea;Methylparaben;Aniba Rosaeodora (Rosewood) Wood Oil;Propylparaben;Triethanolamine;Amyris Balsamifera Bark Oil;Bulnesia Sarmientoi Wood Oil;Cymbopogon Martini Oil;Pelargonium Graveolens Flower Oil;Rosa Centifolia Flower Oil;Santalum Album (Sandalwood) Oil;Daucus Carota Sativa (Carrot) Seed Oil;Mimosa Tenuiflora Bark Extract;Ormenis Multicaulis Oil;Piper Nigrum (Pepper) Fruit Oil;Salvia Sclarea (Clary) Oil;Fd&C Yellow No, 5 (Ci 19140),",,,,,,,,,,cleanser,nan
Cleanser,LANCÔME,Tonique Confort Re-Hydrating Comforting Toner with Acacia Honey,26,4.6,"Water, Butylene Glycol, Glycerin, Cyclopentasiloxane, Phenoxyethanol, Isopropyl Palmitate, Peg-60 Hydrogenated Castor Oil, Triethanolamine, Acrylates/C10-30 Alkyl Acrylate Crosspolymer, Methylparaben, Honey, Mannitol, Fragrance, Tocopheryl Acetate, Propylparaben, Sodium Hyaluronate, Cyclodextrin, Prunus Amygdalus Dulcis Protein/ Sweet Almond Protein, Hexyl Cinnamal, Faex/ Yeast Extract, Alpha-Isomethyl Ionone, Disodium Succinate, Ci 14700/ Red 4.",0,0,0,0,0,tonique_confort_re_hydrating_comforting_toner_with_acacia_honey,lancôme,cleanser,lancôme_tonique_confort_re_hydrating_comforting_toner_with_acacia_honey,,,,,,,,,,"Butylene Glycol;Glycerin;Cyclopentasiloxane;Phenoxyethanol;Isopropyl Palmitate;Peg-60 Hydrogenated Castor Oil;Triethanolamine;Acrylates/C10-30 Alkyl Acrylate Crosspolymer;Methylparaben;Honey;Mannitol;Fragrance;Tocopheryl Acetate;Propylparaben;Sodium Hyaluronate;Cyclodextrin;Prunus Amygdalus Dulcis Protein/ Sweet Almond Protein;Hexyl Cinnamal;Faex/ Yeast Extract;Alpha-Isomethyl Ionone;Disodium Succinate;Ci 14700/ Red 4,",,,,,,,,,,cleanser,nan
Cleanser,FRESH,Rose Deep Hydration Facial Toner,44,4.2,"Water, Glycerin, Butylene Glycol, Rosa Centifolia Flower, Rosa Damascena Flower Water, Rosa Multiflora Fruit Extract, Angelica Keiskei Extract, Rosa Damascena Flower Oil, Sodium Hyaluronate, PEG-150, PPG-26-Buteth-26, PEG-40 Hydroge- nated Castor Oil, Sodium Citrate, Xanthan Gum, Citric Acid, BHT, Parfum (Fragrance), Phenoxyethanol, Citronellol, Geraniol.",0,0,0,0,0,rose_deep_hydration_facial_toner,fresh,cleanser,fresh_rose_deep_hydration_facial_toner,,,,,,,,,,"Glycerin;Butylene Glycol;Rosa Centifolia Flower;Rosa Damascena Flower Water;Rosa Multiflora Fruit Extract;Angelica Keiskei Extract;Rosa Damascena Flower Oil;Sodium Hyaluronate;PEG-150;PPG-26-Buteth-26;PEG-40 Hydroge- nated Castor Oil;Sodium Citrate;Xanthan Gum;Citric Acid;BHT;Parfum (Fragrance);Phenoxyethanol;Citronellol;Geraniol,",,,,,,,,,,cleanser,nan
Cleanser,TATCHA,The Rice Polish Foaming Enzyme Powder,65,4.4,"Microcrystalline Cellulose, Oryza Sativa (Rice) Powder, Sodium Lauryl Phosphate, Sodium Palmoyl Glutamate, Sodium Lauroyl Glutamate, Lauryl Betaine, Sodium Lauroyl Methylaminopropionate, Saccharomyces/Camellia Sinensis Leaf/Cladosiphon Okamuranus/Rice Ferment Filtrate*, Papain, Oryza Sativa (Rice) Bran, Sericin, Hydrolyzed Silk, Propanediol, Dextrin, Phytosteryl/Octyldodecyl Lauroyl Glutamate, Ethylhexylglycerin, Tocopherol, Propyl Alcohol, Alcohol, Phenoxyethanol. *Hadasei-3.",1,1,1,1,1,the_rice_polish_foaming_enzyme_powder,tatcha,cleanser,tatcha_the_rice_polish_foaming_enzyme_powder,,,,,,,,,,"Microcrystalline Cellulose;Oryza Sativa (Rice) Powder;Sodium Lauryl Phosphate;Sodium Palmoyl Glutamate;Sodium Lauroyl Glutamate;Lauryl Betaine;Sodium Lauroyl Methylaminopropionate;Saccharomyces/Camellia Sinensis Leaf/Cladosiphon Okamuranus/Rice Ferment Filtrate*;Papain;Oryza Sativa (Rice) Bran;Sericin;Hydrolyzed Silk;Propanediol;Dextrin;Phytosteryl/Octyldodecyl Lauroyl Glutamate;Ethylhexylglycerin;Tocopherol;Propyl Alcohol;Alcohol;Phenoxyethanol, *Hadasei-3,",,,,,,,,,,cleanser,nan
Cleanser,CLINIQUE,Take The Day Off Cleansing Balm,29,4.6,"Ethylhexyl Palmitate , Carthamus Tinctorius (Safflower) Seed Oil , Caprylic/Capric Triglyceride , Sorbeth-30 Tetraoleate , Polyethylene , Peg-5 Glyceryl Triisostearate , Water , Tocopherol , Phenoxyethanol",1,1,1,1,1,take_the_day_off_cleansing_balm,clinique,cleanser,clinique_take_the_day_off_cleansing_balm,,,,,,,,,,Ethylhexyl Palmitate;Carthamus Tinctorius (Safflower) Seed Oil;Caprylic/Capric Triglyceride;Sorbeth-30 Tetraoleate;Polyethylene;Peg-5 Glyceryl Triisostearate;Tocopherol;Phenoxyethanol,,,,,,,,,,cleanser,nan
Cleanser,KIEHL'S SINCE 1851,Calendula Herbal Extract Alcohol Free Toner,35,4.3,"Water, Propylene Glycol, Pentylene Glycol, Methylparaben, Disodium EDTA, Arctium Lappa Extract/Arctium Lappa Root Extract, Calendula Officinalis Extract/Calendula Officinalis Flower Extract, Calendula Officinalis Flower Extract, Hydrolyzed Corn Starch, Allantoin, Hedera Helix Extract - Ivy Leaf/Stem Extract, Althaea Officinalis/Althaea Officinalis Root Extract.",0,0,0,0,0,calendula_herbal_extract_alcohol_free_toner,kiehl's_since_1851,cleanser,kiehl's_since_1851_calendula_herbal_extract_alcohol_free_toner,,,,,,,,,,"Propylene Glycol;Pentylene Glycol;Methylparaben;Disodium EDTA;Arctium Lappa Extract/Arctium Lappa Root Extract;Calendula Officinalis Extract/Calendula Officinalis Flower Extract;Calendula Officinalis Flower Extract;Hydrolyzed Corn Starch;Allantoin;Hedera Helix Extract - Ivy Leaf/Stem Extract;Althaea Officinalis/Althaea Officinalis Root Extract,",,,,,,,,,,cleanser,nan
Cleanser,LANCÔME,Bi-Facil Double-Action Eye Makeup Remover,30,4.7,"Water, Cyclopentasiloxane, Isohexadecane, Sodium Chloride, Poloxamer 184, Hexylene Glycol, Dipotassium Phosphate, Benzyl Alochol, Potassium Phosphate, Quaternium-15, Benzalkonium Chloride, Fragrance, Citronellol, Geraniol.",0,0,0,0,0,bi_facil_double_action_eye_makeup_remover,lancôme,cleanser,lancôme_bi_facil_double_action_eye_makeup_remover,,,,,,,,,,"Cyclopentasiloxane;Isohexadecane;Sodium Chloride;Poloxamer 184;Hexylene Glycol;Dipotassium Phosphate;Benzyl Alochol;Potassium Phosphate;Quaternium-15;Benzalkonium Chloride;Fragrance;Citronellol;Geraniol,",,,,,,,,,,cleanser,nan
Cleanser,SEPHORA COLLECTION,Cleansing & Exfoliating Wipes,7,4.5,"Water, Caprylic/Capric Triglyceride, Fragrance, Phenoxyethanol, Glycerin, Benzyl Alcohol, Ethylhexylglycerin, Glyceryl Stearate, Sodium Lauroyl Lactylate, Lauryl Glucoside, Cocos Nucifera (Coconut) Fruit Juice, Cetearyl Alcohol, Sodium Stearoyl Lactylate, Sodium Hydroxide, Limonene, Tocopherol, Citric Acid, Sodium Benzoate, Potassium Sorbate.",0,0,0,0,0,cleansing_exfoliating_wipes,sephora_collection,cleanser,sephora_collection_cleansing_exfoliating_wipes,,,,,,,,,,"Caprylic/Capric Triglyceride;Fragrance;Phenoxyethanol;Glycerin;Benzyl Alcohol;Ethylhexylglycerin;Glyceryl Stearate;Sodium Lauroyl Lactylate;Lauryl Glucoside;Cocos Nucifera (Coconut) Fruit Juice;Cetearyl Alcohol;Sodium Stearoyl Lactylate;Sodium Hydroxide;Limonene;Tocopherol;Citric Acid;Sodium Benzoate;Potassium Sorbate,",,,,,,,,,,cleanser,nan
Cleanser,TATCHA,The Deep Cleanse,38,4.4,* Hadasei-3,1,0,1,1,1,the_deep_cleanse,tatcha,cleanser,tatcha_the_deep_cleanse,,,,,,,,,,* Hadasei-3,,,,,,,,,,cleanser,nan
Cleanser,FIRST AID BEAUTY,Face Cleanser,20,4.4,"Water, Sodium Cocoyl Isethionate, Glycerin, Stearic Acid, Stearyl Alcohol, Allantoin, Chrysanthemum Parthenium (Feverfew) Extract, Camellia Sinensis Leaf Extract, Glycyrrhiza Glabra (Licorice) Root Extract, Aloe Barbadensis Leaf Juice, Tocopherol, Ascorbyl Palmitate, Caprylyl Glycol, Sodium Pca, Coco-Glucoside, Glyceryl Oleate, Hydroxypropyl Methylcellulose, Hydrogenated Palm Glycerides Citrate, Disodium Cocoamphodiacetate, Lecithin, Phenoxyethanol, Sodium Chloride, Disodium Edta, Citric Acid, Maltodextrin, Leuconostoc/Radish Root Ferment Filtrate, Edta.",1,1,1,1,1,face_cleanser,first_aid_beauty,cleanser,first_aid_beauty_face_cleanser,,,,,,,,,,"Sodium Cocoyl Isethionate;Glycerin;Stearic Acid;Stearyl Alcohol;Allantoin;Chrysanthemum Parthenium (Feverfew) Extract;Camellia Sinensis Leaf Extract;Glycyrrhiza Glabra (Licorice) Root Extract;Aloe Barbadensis Leaf Juice;Tocopherol;Ascorbyl Palmitate;Caprylyl Glycol;Sodium Pca;Coco-Glucoside;Glyceryl Oleate;Hydroxypropyl Methylcellulose;Hydrogenated Palm Glycerides Citrate;Disodium Cocoamphodiacetate;Lecithin;Phenoxyethanol;Sodium Chloride;Disodium Edta;Citric Acid;Maltodextrin;Leuconostoc/Radish Root Ferment Filtrate;Edta,",,,,,,,,,,cleanser,nan
Cleanser,ORIGINS,Checks and Balances™ Frothy Face Wash,23,4.3,"Water, Lavandula Angustifolia (Lavender) Flower Water, Myristic Acid, Glycerin, Behenic Acid, Sodium Methyl Cocoyl Taurate, Palmitic Acid, Potassium Hydroxide, Lauric Acid, Stearic Acid, Anthemis Nobilis Flower Oil *, Mentha Viridis (Spearmint) Leaf Oil*, Pelargonium Graveolens Flower Oil*, Lavandula Hybrida Oil*, Citrus Aurantium Bergamia (Bergamot) Fruit Oil*, Styrax Benzoin Gum, Linalool, Peg-3 Distearate, Tourmaline, Laminaria Saccharina Extract, Hydrolyzed Wheat Protein, Cetearyl Alcohol, Polyquaternium-7, Butylene Glycol, Disodium Edta, Methylchloroisothiazolinone, Methylisothiazolinone.*Essential Oil.",1,1,1,1,1,checks_and_balances_frothy_face_wash,origins,cleanser,origins_checks_and_balances_frothy_face_wash,,,,,,,,,,"Lavandula Angustifolia (Lavender) Flower Water;Myristic Acid;Glycerin;Behenic Acid;Sodium Methyl Cocoyl Taurate;Palmitic Acid;Potassium Hydroxide;Lauric Acid;Stearic Acid;Anthemis Nobilis Flower Oil *;Mentha Viridis (Spearmint) Leaf Oil*;Pelargonium Graveolens Flower Oil*;Lavandula Hybrida Oil*;Citrus Aurantium Bergamia (Bergamot) Fruit Oil*;Styrax Benzoin Gum;Linalool;Peg-3 Distearate;Tourmaline;Laminaria Saccharina Extract;Hydrolyzed Wheat Protein;Cetearyl Alcohol;Polyquaternium-7;Butylene Glycol;Disodium Edta;Methylchloroisothiazolinone;Methylisothiazolinone,*Essential Oil,",,,,,,,,,,cleanser,nan
Cleanser,SHISEIDO,Facial Cotton,10,4.9,No Info,0,0,0,0,0,facial_cotton,shiseido,cleanser,shiseido_facial_cotton,,,,,,,,,,No Info,,,,,,,,,,cleanser,nan
Cleanser,KATE SOMERVILLE,ExfoliKate® Intensive Exfoliating Treatment,24,4.4,"Water, Lactic Acid, Silica, Glycine Soja (Soybean) Oil, Pectin, Cetearyl Alcohol, Carica Papaya (Papaya) Fruit, Ceteareth-20, Cetyl Alcohol, Phenoxyethanol, Dehydroxanthan Gum, Glyceryl Stearate, PEG-100 Stearate, Salicylic Acid, Lactobacillus/Pumpkin Ferment Extract, Alcohol Denat., Sorbic Acid, Cinnamal, Honey/Mel/Miel, Citrus Aurantium Bergamia (Bergamot) Fruit Oil, Eugenol, Potassium Sorbate, Limonene, Linalool, Lavandula Angustifolia (Lavender) Oil, Beta-Carotene, Chlorophyllin-Copper Complex, Aloe Barbadensis Leaf Juice Powder, Bromelain, Papain, Retinyl Palmitate, Tocopheryl Acetate, Cinnamomum Cassia Leaf Oil, Acetic Acid, Pogostemon Cablin Oil, Geranium Maculatum Oil, Aniba Rosaeodora (Rosewood) Wood Extract, Citrus Aurantium Dulcis (Orange) Peel Oil.",1,1,1,1,0,exfolikate_intensive_exfoliating_treatment,kate_somerville,cleanser,kate_somerville_exfolikate_intensive_exfoliating_treatment,,,,,,,,,,"Lactic Acid;Silica;Glycine Soja (Soybean) Oil;Pectin;Cetearyl Alcohol;Carica Papaya (Papaya) Fruit;Ceteareth-20;Cetyl Alcohol;Phenoxyethanol;Dehydroxanthan Gum;Glyceryl Stearate;PEG-100 Stearate;Salicylic Acid;Lactobacillus/Pumpkin Ferment Extract;Alcohol Denat,;Sorbic Acid;Cinnamal;Honey/Mel/Miel;Citrus Aurantium Bergamia (Bergamot) Fruit Oil;Eugenol;Potassium Sorbate;Limonene;Linalool;Lavandula Angustifolia (Lavender) Oil;Beta-Carotene;Chlorophyllin-Copper Complex;Aloe Barbadensis Leaf Juice Powder;Bromelain;Papain;Retinyl Palmitate;Tocopheryl Acetate;Cinnamomum Cassia Leaf Oil;Acetic Acid;Pogostemon Cablin Oil;Geranium Maculatum Oil;Aniba Rosaeodora (Rosewood) Wood Extract;Citrus Aurantium Dulcis (Orange) Peel Oil,",0.0,2000.0,54075.0,4.41,0.5,,48.0,0.22,3.7,cleanser,nan
Cleanser,LA MER,The Cleansing Foam,95,4.3,"Declustered Water (+)/Aqua/Eau De-Structuree (+), Myristic Acid, Glycerin, Behenic Acid, Palmitic Acid, Sodium Methyl Cocoyl Taurate, Potassium Hydroxide, Lauric Acid, Stearic Acid, Algae (Seaweed) Extract, Sesamum Indicum (Sesame) Seed Oil, Medicago Sativa (Alfalfa) Seed Powder, Helianthus Annuus (Sunflower) Seedcake, Prunus Amygdalus Dulcis (Sweet Almond) Seed Meal, Eucalyptus Globulus (Eucalyptus) Leaf Oil, Sodium Gluconate, Copper Gluconate, Calcium Gluconate, Magnesium Gluconate, Zinc Gluconate, Tocopheryl Succinate, Niacin, Sesamum Indicum (Sesame) Seed Powder, Quartz Powder, Nephrite Powder, Pearl Powder, Caffeine, Sea Salt/Maris Sal/Sel Marin, Humic Acids, Sodium Hyaluronate, Sucrose, Tourmaline, Macrocystis Pyrifera (Kelp) Protein, Polyquaternium-51, Aloe Barbadensis Leaf Water, Trehalose, Cellulose, Butylene Glycol, Sodium Coco Pg-Dimonium Chloride Phosphate, Sodium Bicarbonate, Sodium Pca, Peg-3 Distearate, Urea, Fragrance, Disodium Edta, Linalool, Limonene, Phenoxyethanol, Methylchloroisothiazolinone, Methylisothiazolinone, Yellow 5 (Ci 19140), Yellow 6 (Ci 15985), Blue 1 (Ci 42090), Green 5 (Ci 61570)",0,0,0,0,0,the_cleansing_foam,la_mer,cleanser,la_mer_the_cleansing_foam,,,,,,,,,,Declustered Water (+)/Aqua/Eau De-Structuree (+);Myristic Acid;Glycerin;Behenic Acid;Palmitic Acid;Sodium Methyl Cocoyl Taurate;Potassium Hydroxide;Lauric Acid;Stearic Acid;Algae (Seaweed) Extract;Sesamum Indicum (Sesame) Seed Oil;Medicago Sativa (Alfalfa) Seed Powder;Helianthus Annuus (Sunflower) Seedcake;Prunus Amygdalus Dulcis (Sweet Almond) Seed Meal;Eucalyptus Globulus (Eucalyptus) Leaf Oil;Sodium Gluconate;Copper Gluconate;Calcium Gluconate;Magnesium Gluconate;Zinc Gluconate;Tocopheryl Succinate;Niacin;Sesamum Indicum (Sesame) Seed Powder;Quartz Powder;Nephrite Powder;Pearl Powder;Caffeine;Sea Salt/Maris Sal/Sel Marin;Humic Acids;Sodium Hyaluronate;Sucrose;Tourmaline;Macrocystis Pyrifera (Kelp) Protein;Polyquaternium-51;Aloe Barbadensis Leaf Water;Trehalose;Cellulose;Butylene Glycol;Sodium Coco Pg-Dimonium Chloride Phosphate;Sodium Bicarbonate;Sodium Pca;Peg-3 Distearate;Urea;Fragrance;Disodium Edta;Linalool;Limonene;Phenoxyethanol;Methylchloroisothiazolinone;Methylisothiazolinone;Yellow 5 (Ci 19140);Yellow 6 (Ci 15985);Blue 1 (Ci 42090);Green 5 (Ci 61570),,,,,,,,,,cleanser,nan
Cleanser,BOSCIA,MakeUp-BreakUp Cool Cleansing Oil,32,4.5,"Cetyl Ethylhexanoate, Olea Europaea (Olive) Oil, Polyglyceryl-10 Diisostearate, PEG-20 Glyceryl Triisostearate, Hydrogenated Polyisobutene, Glyceryl Behenate/Eicosadioate, Persea Gratissima (Avocado) Oil, Isostearic Acid, Tocopheryl Acetate, Eucalyptus Globulus Leaf Oil, Menthol, Melia Azadirachta Leaf Extract, Simmondsia Chinensis (Jojoba) Seed Oil, Rosa Canina Fruit Oil, Melia Azadirachta Flower Extract, Amino Esters-1, Carthamus Tinctorius (Safflower) Seed Oil, Butylene Glycol, Water, Coccinia Indica Fruit Extract, Solanum Melongena (Eggplant) Fruit Extract, Camellia Sinensis Leaf Extract, Aloe Barbadensis Flower Extract, Camellia Oleifera Leaf Extract, Lawsonia Inermis (Henna) Extract, Curcuma Longa (Turmeric) Root Extract, Corallina Officinalis Extract, Ocium Basilicum (Basil) Extract, Simmondsia Chinensis (Jojoba) Seed Extract, Ocimum Sanctum Leaf Extract, Epilobium Angustifolium Flower/Leaf/Stem Extract.",1,1,1,1,1,makeup_breakup_cool_cleansing_oil,boscia,cleanser,boscia_makeup_breakup_cool_cleansing_oil,,,,,,,,,,"Cetyl Ethylhexanoate;Olea Europaea (Olive) Oil;Polyglyceryl-10 Diisostearate;PEG-20 Glyceryl Triisostearate;Hydrogenated Polyisobutene;Glyceryl Behenate/Eicosadioate;Persea Gratissima (Avocado) Oil;Isostearic Acid;Tocopheryl Acetate;Eucalyptus Globulus Leaf Oil;Menthol;Melia Azadirachta Leaf Extract;Simmondsia Chinensis (Jojoba) Seed Oil;Rosa Canina Fruit Oil;Melia Azadirachta Flower Extract;Amino Esters-1;Carthamus Tinctorius (Safflower) Seed Oil;Butylene Glycol;Coccinia Indica Fruit Extract;Solanum Melongena (Eggplant) Fruit Extract;Camellia Sinensis Leaf Extract;Aloe Barbadensis Flower Extract;Camellia Oleifera Leaf Extract;Lawsonia Inermis (Henna) Extract;Curcuma Longa (Turmeric) Root Extract;Corallina Officinalis Extract;Ocium Basilicum (Basil) Extract;Simmondsia Chinensis (Jojoba) Seed Extract;Ocimum Sanctum Leaf Extract;Epilobium Angustifolium Flower/Leaf/Stem Extract,",,,,,,,,,,cleanser,nan
Cleanser,DRUNK ELEPHANT,Beste™ No. 9 Jelly Cleanser,34,4.1,"Water, Sodium Lauroyl Methyl Isethionate, Glycerin, Cocamidopropyl Betaine, Cocamidopropyl Hydroxysultaine, Sodium Methyl Oleoyl Taurate, Propanediol, Aloe Barbadensis Leaf Extract, Coco-Glucoside, Lauryl Glucoside, Cucumis Melo Cantalupensis Fruit Extract, Sclerocarya Birrea Seed Oil, Dipotassium Glycyrrhizate, Citric Acid, Phenoxyethanol, Sodium Benzoate, Sodium Chloride.",1,0,1,1,1,beste_no._9_jelly_cleanser,drunk_elephant,cleanser,drunk_elephant_beste_no._9_jelly_cleanser,,,,,,,,,,"Sodium Lauroyl Methyl Isethionate;Glycerin;Cocamidopropyl Betaine;Cocamidopropyl Hydroxysultaine;Sodium Methyl Oleoyl Taurate;Propanediol;Aloe Barbadensis Leaf Extract;Coco-Glucoside;Lauryl Glucoside;Cucumis Melo Cantalupensis Fruit Extract;Sclerocarya Birrea Seed Oil;Dipotassium Glycyrrhizate;Citric Acid;Phenoxyethanol;Sodium Benzoate;Sodium Chloride,",,,,,,,,,,cleanser,nan
Cleanser,BOSCIA,Purifying Cleansing Gel,28,4.5,"Water, Hydrogenated Starch Hydrolysate, Diglycerin, Sodium Cocoyl Glycinate, Disodium Cocoyl Glutamate, Sodium Cocoyl Glutamate, Butylene Glycol, Methyl Gluceth-10, Acrylates/Steareth-20 Methacrylate Copolymer, Sodium Lauroyl Glutamate, Rosmarinus Officinalis (Rosemary) Leaf Extract, Camellia Oleifera Leaf Extract, Hydrangea Serrata Leaf Extract, Simmondsia Chinensis (Jojoba) Seed Extract, Epilobium Angustifolium Flower/Leaf/Stem Extract, Pelargonium Graveolens Flower Oil, Glycerin, Cellulose Gum, Citric Acid, Polysorbate 20, Sclerotium Gum, Trisodium Ethylenediamine Disuccinate, 1,2 Hexanediol, Caprylyl Glycol.",1,0,1,1,1,purifying_cleansing_gel,boscia,cleanser,boscia_purifying_cleansing_gel,,,,,,,,,,"Hydrogenated Starch Hydrolysate;Diglycerin;Sodium Cocoyl Glycinate;Disodium Cocoyl Glutamate;Sodium Cocoyl Glutamate;Butylene Glycol;Methyl Gluceth-10;Acrylates/Steareth-20 Methacrylate Copolymer;Sodium Lauroyl Glutamate;Rosmarinus Officinalis (Rosemary) Leaf Extract;Camellia Oleifera Leaf Extract;Hydrangea Serrata Leaf Extract;Simmondsia Chinensis (Jojoba) Seed Extract;Epilobium Angustifolium Flower/Leaf/Stem Extract;Pelargonium Graveolens Flower Oil;Glycerin;Cellulose Gum;Citric Acid;Polysorbate 20;Sclerotium Gum;Trisodium Ethylenediamine Disuccinate;1;2 Hexanediol;Caprylyl Glycol,",,,,,,,,,,cleanser,nan
Cleanser,OLEHENRIKSEN,Balancing Force™ Oil Control Toner,26,4.4,"Water, Polysorbate 20, Hamamelis Virginiana (Witch Hazel) Water, Gylcerin, Gluconolactone, Glycolici Acid, Lactic Acid, Oleth-20, Salicylic Acid, Sodium Hydroxide, Sodium Benzoate, Menthyl Lactate, Eucalpytus Globulus Leaf Oil, Mentha Piperita (Peppermint) Oil, Melia Azadirachta Seed Oil, Linoleic Acid, Macrocystis Pyrifera (Kelp) Extract, Eucalyptus Globulus Leaf Extract, Chondrus Crispus (Carrageenan) Extract, Camellia Sinensis Leaf Extract, Linolenic Acid, Phenoxyethanol, Calcium Gluconate, Benzoic Acid, Tocopherol, Limonene.",1,1,1,1,1,balancing_force_oil_control_toner,olehenriksen,cleanser,olehenriksen_balancing_force_oil_control_toner,,,,,,,,,,"Polysorbate 20;Hamamelis Virginiana (Witch Hazel) Water;Gylcerin;Gluconolactone;Glycolici Acid;Lactic Acid;Oleth-20;Salicylic Acid;Sodium Hydroxide;Sodium Benzoate;Menthyl Lactate;Eucalpytus Globulus Leaf Oil;Mentha Piperita (Peppermint) Oil;Melia Azadirachta Seed Oil;Linoleic Acid;Macrocystis Pyrifera (Kelp) Extract;Eucalyptus Globulus Leaf Extract;Chondrus Crispus (Carrageenan) Extract;Camellia Sinensis Leaf Extract;Linolenic Acid;Phenoxyethanol;Calcium Gluconate;Benzoic Acid;Tocopherol;Limonene,",,,,,,,,,,cleanser,nan
Cleanser,AMOREPACIFIC,Treatment Enzyme Peel,60,4.7,"Lactose, Mannitol, Sodium Cocoyl Glycinate, Sodium Lauroyl Glutamate, Zeolite, Water, Silica, Allantoin, Betaine, Papain, Carica Papaya (Papaya) Fruit Extract, Camellia Sinensis Leaf Extract, Zizyphus Jujuba Fruit Extract, Zingiber Officinale (Ginger) Root Extract, Dipotassium Glycyrrhizate, Zea Mays (Corn) Starch, Butylene Glycol, Polymethyl Methacrylate, Peg-75, Green 3 (CI 42053), Yellow 5 (CI 19140), Fragrance.",1,1,1,1,1,treatment_enzyme_peel,amorepacific,cleanser,amorepacific_treatment_enzyme_peel,,,,,,,,,,"Lactose;Mannitol;Sodium Cocoyl Glycinate;Sodium Lauroyl Glutamate;Zeolite;Silica;Allantoin;Betaine;Papain;Carica Papaya (Papaya) Fruit Extract;Camellia Sinensis Leaf Extract;Zizyphus Jujuba Fruit Extract;Zingiber Officinale (Ginger) Root Extract;Dipotassium Glycyrrhizate;Zea Mays (Corn) Starch;Butylene Glycol;Polymethyl Methacrylate;Peg-75;Green 3 (CI 42053);Yellow 5 (CI 19140);Fragrance,",,,,,,,,,,cleanser,nan
Cleanser,CLINIQUE,"Take The Day Off Makeup Remover For Lids, Lashes & Lips",19,4.6,"Water , Isohexadecane , Dimethicone , Cyclopentasiloxane , Trisiloxane , Peg-4 Dilaurate , Lauryl Methyl Gluceth-10 Hydroxypropyldimonium Chloride , Hexylene Glycol , Sodium Chloride , Potassium Phosphate , Dipotassium Phosphate , Dipotassium Edta , Phenoxyethanol Please be aware that ingredient lists may change or vary from time to time. Please refer to the ingredient list on the product package you receive for the most up to date list of ingredients.",0,0,0,0,0,"take_the_day_off_makeup_remover_for_lids,_lashes_lips",clinique,cleanser,"clinique_take_the_day_off_makeup_remover_for_lids,_lashes_lips",,,,,,,,,,"Isohexadecane;Dimethicone;Cyclopentasiloxane;Trisiloxane;Peg-4 Dilaurate;Lauryl Methyl Gluceth-10 Hydroxypropyldimonium Chloride;Hexylene Glycol;Sodium Chloride;Potassium Phosphate;Dipotassium Phosphate;Dipotassium Edta;Phenoxyethanol Please be aware that ingredient lists may change or vary from time to time, Please refer to the ingredient list on the product package you receive for the most up to date list of ingredients,",,,,,,,,,,cleanser,nan
Cleanser,SK-II,Facial Treatment Clear Lotion Toner,76,4.1,"Water, Galactomyces Ferment Filtrate (Pitera), Butylene Glycol, Polysorbate 20, Glycerin, Sodium Hyaluronate, PEG-150, Cellulose Gum, Disodium EDTA, Citric Acid, Salicylic Acid, Lactic Acid, Malic Acid, Sodium Citrate, Sodium Benzoate, Methylparaben.",1,1,1,1,1,facial_treatment_clear_lotion_toner,sk_ii,cleanser,sk_ii_facial_treatment_clear_lotion_toner,,,,,,,,,,"Galactomyces Ferment Filtrate (Pitera);Butylene Glycol;Polysorbate 20;Glycerin;Sodium Hyaluronate;PEG-150;Cellulose Gum;Disodium EDTA;Citric Acid;Salicylic Acid;Lactic Acid;Malic Acid;Sodium Citrate;Sodium Benzoate;Methylparaben,",,,,,,,,,,cleanser,nan
Cleanser,FRESH,Sugar Face Polish Exfoliator,62,4.6,"Sucrose, Propylene Glycol Dicaprylate/Dicaprate, PEG-7 Glyceryl Cocoate, Stearalkonium Hectorite, Fragaria Vesca (Strawberry) Fruit Extract, Euphorbia Cerifera (Candelilla) Wax, Mangifera Indica (Mango) Seed Butter, Propylene Carbonate, Parfum (Fragrance), Limonene, Limnanthes Alba (Meadowfoam) Seed Oil, Vitis Vinifera (Grape) Seed Oil, Prunus Domestica Seed Oil, Fructose, Glucose, Tocopheryl Acetate, Caramel, Glycerin, Aqua (Water), Potassium Sorbate, BHT, Citral.",0,0,0,0,0,sugar_face_polish_exfoliator,fresh,cleanser,fresh_sugar_face_polish_exfoliator,,,,,,,,,,"Sucrose;Propylene Glycol Dicaprylate/Dicaprate;PEG-7 Glyceryl Cocoate;Stearalkonium Hectorite;Fragaria Vesca (Strawberry) Fruit Extract;Euphorbia Cerifera (Candelilla) Wax;Mangifera Indica (Mango) Seed Butter;Propylene Carbonate;Parfum (Fragrance);Limonene;Limnanthes Alba (Meadowfoam) Seed Oil;Vitis Vinifera (Grape) Seed Oil;Prunus Domestica Seed Oil;Fructose;Glucose;Tocopheryl Acetate;Caramel;Glycerin;Aqua (Water);Potassium Sorbate;BHT;Citral,",,,,,,,,,,cleanser,nan
Cleanser,EVE LOM,Cleanser,80,4.3,"Paraffinum Liquidum, PEG-30 Lanolin, Cetearyl Alcohol, Bis-Diglyceryl Polyacyladipate-2, Aluminum Stearate, Theobroma Cacao (Cocoa) Seed Butter, Peg-75 Lanolin, Phenoxyethanol, Eugenia Caryophyllus (Clove) Leaf Oil, Humulus Lupulus (Hop) Oil, Chamomilla Recutita (Matricaria) Flower Oil, Eucalyptus Globulus Leaf Oil, BHT.",1,1,1,1,1,cleanser,eve_lom,cleanser,eve_lom_cleanser,,,,,,,,,,"Paraffinum Liquidum;PEG-30 Lanolin;Cetearyl Alcohol;Bis-Diglyceryl Polyacyladipate-2;Aluminum Stearate;Theobroma Cacao (Cocoa) Seed Butter;Peg-75 Lanolin;Phenoxyethanol;Eugenia Caryophyllus (Clove) Leaf Oil;Humulus Lupulus (Hop) Oil;Chamomilla Recutita (Matricaria) Flower Oil;Eucalyptus Globulus Leaf Oil;BHT,",,,,,,,,,,cleanser,nan
Cleanser,KATE SOMERVILLE,ExfoliKate® Cleanser Daily Foaming Wash,38,4.5,"Water, Stearic Acid, Sodium Cocoyl Glycinate, Lauramidopropyl Betaine, Glycerin, Hydroxypropyl Starch Phosphate, Cetearyl Phosphate, Xylitylglucoside, Dimethicone PEG-8 Meadowfoamate, Anhydroxylitol, Xylitol, Leuconostoc/Radish Root Ferment Filtrate, Bromelain, Papain, Lactobacillus/Pumpkin Fruit Ferment Filtrate, Lauramide DIPA, Aloe Barbadensis Leaf Juice Powder, Lactic Acid, Glycolic Acid, Citrus Aurantium Bergamia (Bergamot) Fruit Oil, Aniba Rosaeodora (Rosewood) Wood Extract, Citrus Aurantium Dulcis (Orange) Peel Oil, Geranium Maculatum Oil, Benzyl Alcohol, Sodium Hydroxide, Chlorphenesin, Chlorophyllin-Copper Complex (CI 75810), Maltodextrin.",0,0,0,0,0,exfolikate_cleanser_daily_foaming_wash,kate_somerville,cleanser,kate_somerville_exfolikate_cleanser_daily_foaming_wash,,,,,,,,,,"Stearic Acid;Sodium Cocoyl Glycinate;Lauramidopropyl Betaine;Glycerin;Hydroxypropyl Starch Phosphate;Cetearyl Phosphate;Xylitylglucoside;Dimethicone PEG-8 Meadowfoamate;Anhydroxylitol;Xylitol;Leuconostoc/Radish Root Ferment Filtrate;Bromelain;Papain;Lactobacillus/Pumpkin Fruit Ferment Filtrate;Lauramide DIPA;Aloe Barbadensis Leaf Juice Powder;Lactic Acid;Glycolic Acid;Citrus Aurantium Bergamia (Bergamot) Fruit Oil;Aniba Rosaeodora (Rosewood) Wood Extract;Citrus Aurantium Dulcis (Orange) Peel Oil;Geranium Maculatum Oil;Benzyl Alcohol;Sodium Hydroxide;Chlorphenesin;Chlorophyllin-Copper Complex (CI 75810);Maltodextrin,",,,,,,,,,,cleanser,nan
Cleanser,YOUTH TO THE PEOPLE,Superfood Antioxidant Cleanser,36,4.4,"Water, Sodium Cocoyl Glutamate, Cocamidopropyl Betaine, Panthenol (Vitamin B5),Tocopheryl Acetate (Vitamin E), Ascorbic Acid (Vitamin C), Butylene Glycol, Brassica Oleracea(Kale) Leaf Extract, Spinacia Oleracea (Spinach) Leaf Extract, Camellia Sinensis (Green Tea)Leaf Extract, Chamomilla Recutita (Matricaria) Flower Extract, Medicago Sativa (Alfalfa) Extract,Aloe Barbadensis (Aloe Vera) Leaf Extract, Natural Fragrance, Lecithin, HydroxypropylMethylcellulose, Phenoxyethanol, Potassium Sorbate, Sodium Benzoate, Chlorophyll.",0,0,0,0,0,superfood_antioxidant_cleanser,youth_to_the_people,cleanser,youth_to_the_people_superfood_antioxidant_cleanser,,,,,,,,,,"Sodium Cocoyl Glutamate;Cocamidopropyl Betaine;Panthenol (Vitamin B5);Tocopheryl Acetate (Vitamin E);Ascorbic Acid (Vitamin C);Butylene Glycol;Brassica Oleracea(Kale) Leaf Extract;Spinacia Oleracea (Spinach) Leaf Extract;Camellia Sinensis (Green Tea)Leaf Extract;Chamomilla Recutita (Matricaria) Flower Extract;Medicago Sativa (Alfalfa) Extract;Aloe Barbadensis (Aloe Vera) Leaf Extract;Natural Fragrance;Lecithin;HydroxypropylMethylcellulose;Phenoxyethanol;Potassium Sorbate;Sodium Benzoate;Chlorophyll,",,,,,,,,,,cleanser,nan
Cleanser,OLEHENRIKSEN,The Clean Truth™ Foaming Cleanser,30,4.4,"Water, Sodium Methyl Cocoyl Taurate, Cocamidopropyl Betaine, PPG-5-Ceteth-20, Fragrance, Cocamidopropyl PG-Dimonium Chloride Phosphate, PEG-8 Dimethicone, Phenoxyethanol, PEG-8 Ricinoleate, Leuconostoc/Radish Root Ferment Filtrate, Citric Acid, Ascorbic Acid, Aloe Barbadensis Leaf Juice, Glycerin, Calcium Ascorbate, Cucurbita Pepo (Pumpkin) Fruit Extract, Chamomilla Recutita (Matricaria) Flower Extract, Aspalathus Linearis Leaf Extract, Ribes Nigrum (Black Currant) Seed Oil, Linum Usitatissimum (Linseed) Seed Oil, Daucus Carota Sativa (Carrot) Seed Oil, Borago Officinalis Seed Oil, Butyrospermum Parkii (Shea) Butter, Sodium Benzoate, Potassium Sorbate, Sodium Sulfite, Limonene.",1,1,1,1,1,the_clean_truth_foaming_cleanser,olehenriksen,cleanser,olehenriksen_the_clean_truth_foaming_cleanser,,,,,,,,,,"Sodium Methyl Cocoyl Taurate;Cocamidopropyl Betaine;PPG-5-Ceteth-20;Fragrance;Cocamidopropyl PG-Dimonium Chloride Phosphate;PEG-8 Dimethicone;Phenoxyethanol;PEG-8 Ricinoleate;Leuconostoc/Radish Root Ferment Filtrate;Citric Acid;Ascorbic Acid;Aloe Barbadensis Leaf Juice;Glycerin;Calcium Ascorbate;Cucurbita Pepo (Pumpkin) Fruit Extract;Chamomilla Recutita (Matricaria) Flower Extract;Aspalathus Linearis Leaf Extract;Ribes Nigrum (Black Currant) Seed Oil;Linum Usitatissimum (Linseed) Seed Oil;Daucus Carota Sativa (Carrot) Seed Oil;Borago Officinalis Seed Oil;Butyrospermum Parkii (Shea) Butter;Sodium Benzoate;Potassium Sorbate;Sodium Sulfite;Limonene,",,,,,,,,,,cleanser,nan
Cleanser,BOSCIA,Detoxifying Black Charcoal Cleanser,30,4.3,"Glycereth-26, Glycerin, Sodium Cocoyl Glutamate, Sodium Lauroyl Glutamate, PEG-120 Methyl Glucose Dioleate, Polysorbate 20, Butylene Glycol, Water/Aqua/Eau, Glycyrrhiza Glabra (Licorice) Root Extract, Glycolic Acid, Charcoal Powder, Ascorbyl Glucoside, Pelargonium Graveolens Flower Oil, Glucosyl Hesperidin, Simmondsia Chinensis (Jojoba) Seed Extract, Epilobium Angustifolium Flower/Leaf/Stem Extract, Ceteth-25, Oleth-10, Citrus Paradisi (Grapefruit) Seed Extract, Xanthan Gum, Cynara Scolymus (Artichoke) Leaf Extract.",1,0,1,1,1,detoxifying_black_charcoal_cleanser,boscia,cleanser,boscia_detoxifying_black_charcoal_cleanser,,,,,,,,,,"Glycereth-26;Glycerin;Sodium Cocoyl Glutamate;Sodium Lauroyl Glutamate;PEG-120 Methyl Glucose Dioleate;Polysorbate 20;Butylene Glycol;Water/Aqua/Eau;Glycyrrhiza Glabra (Licorice) Root Extract;Glycolic Acid;Charcoal Powder;Ascorbyl Glucoside;Pelargonium Graveolens Flower Oil;Glucosyl Hesperidin;Simmondsia Chinensis (Jojoba) Seed Extract;Epilobium Angustifolium Flower/Leaf/Stem Extract;Ceteth-25;Oleth-10;Citrus Paradisi (Grapefruit) Seed Extract;Xanthan Gum;Cynara Scolymus (Artichoke) Leaf Extract,",,,,,,,,,,cleanser,nan
Cleanser,OLEHENRIKSEN,Transforming Walnut Scrub,28,4.7,"Water, Cocamidopropyl Hydroxysultaine, Juglans Regia (Walnut) Shell Powder, Glyceryl Stearate SE, Sodium Lauroyl Sarcosinate, Prunus Armenaica (Apricot) Seed Powder, Cetyl Alcohol, Sorbitol, Acrylates Copolymer, Parfum/Fragrance, Benzyl Alcohol, Sodium Chloride, Phenoxyethanol, Chlorphenesin, Caprylyl Glycol, Glycerin, Sodium Benzoate, Glycol Distearate, Cocomidopropyl Betaine, Hexylene Glycol, Ethylhexylglycerin, Potassium Hydroxide, Tetrasodium EDTA, Laureth-4, Panax Ginseng Root Extract, Chamomilla Recutita (Chamomile) Flower Extract, Calendula Officinalis (Calendula) Flower Extract, Tocopheryl Acetate, Lecithin, Allantoin, Aloe Barbadensis Leaf Juice Powder, Citric Acid, Linalool, Hexyl Cinnamal, Limonene.",1,1,1,1,1,transforming_walnut_scrub,olehenriksen,cleanser,olehenriksen_transforming_walnut_scrub,,,,,,,,,,"Cocamidopropyl Hydroxysultaine;Juglans Regia (Walnut) Shell Powder;Glyceryl Stearate SE;Sodium Lauroyl Sarcosinate;Prunus Armenaica (Apricot) Seed Powder;Cetyl Alcohol;Sorbitol;Acrylates Copolymer;Parfum/Fragrance;Benzyl Alcohol;Sodium Chloride;Phenoxyethanol;Chlorphenesin;Caprylyl Glycol;Glycerin;Sodium Benzoate;Glycol Distearate;Cocomidopropyl Betaine;Hexylene Glycol;Ethylhexylglycerin;Potassium Hydroxide;Tetrasodium EDTA;Laureth-4;Panax Ginseng Root Extract;Chamomilla Recutita (Chamomile) Flower Extract;Calendula Officinalis (Calendula) Flower Extract;Tocopheryl Acetate;Lecithin;Allantoin;Aloe Barbadensis Leaf Juice Powder;Citric Acid;Linalool;Hexyl Cinnamal;Limonene,",,,,,,,,,,cleanser,nan
Cleanser,SEPHORA COLLECTION,Waterproof Eye Makeup Remover,11,4.4,Visit the SEPHORA COLLECTION boutique,0,0,0,0,0,waterproof_eye_makeup_remover,sephora_collection,cleanser,sephora_collection_waterproof_eye_makeup_remover,,,,,,,,,,Visit the SEPHORA COLLECTION boutique,,,,,,,,,,cleanser,nan
Cleanser,KIEHL'S SINCE 1851,Calendula Deep Clean Foaming Face Wash,29,4.7,"Water, Sodium Cocoyl Glycinate, Coco-Betaine, Glycerin, Acrylates Copolymer, Sodium Chloride, Phenoxyethanol, Prunus Armeniaca Seed Powder, Apricot Seed Powder, Sodium Hydroxide, Fragrance, Chlorphenesin, Salicylic Acid, Hexyl Cinnamal, Linalool, Methylisothiazolinone, Citric Acid.",1,1,1,1,1,calendula_deep_clean_foaming_face_wash,kiehl's_since_1851,cleanser,kiehl's_since_1851_calendula_deep_clean_foaming_face_wash,,,,,,,,,,"Sodium Cocoyl Glycinate;Coco-Betaine;Glycerin;Acrylates Copolymer;Sodium Chloride;Phenoxyethanol;Prunus Armeniaca Seed Powder;Apricot Seed Powder;Sodium Hydroxide;Fragrance;Chlorphenesin;Salicylic Acid;Hexyl Cinnamal;Linalool;Methylisothiazolinone;Citric Acid,",,,,,,,,,,cleanser,nan
Cleanser,SK-II,Facial Treatment Cleanser,75,4.3,"Water, Sodium Lauroyl Glutamate, Propylene Glycol, PEG-150 Stearate, Galactomyces Ferment Filtrate (Pitera), Sodium PCA, Glycol Stearate, Butylene Glycol, Cocamide Mea, Rosa Canina Fruit Oil, Stearamide Amp, Pentylene Glycol, Salix Alba Bark Extract/Salix Alba (Willow) Bark Extract, Dipotassium Glycyrrhizate, Hydroxyphenyl Propamidobenzoic Acid, Ascorbyl Palmitate, BHT, Phenethyl Alcohol, Methylparaben, Propylparaben.",1,1,1,1,1,facial_treatment_cleanser,sk_ii,cleanser,sk_ii_facial_treatment_cleanser,,,,,,,,,,"Sodium Lauroyl Glutamate;Propylene Glycol;PEG-150 Stearate;Galactomyces Ferment Filtrate (Pitera);Sodium PCA;Glycol Stearate;Butylene Glycol;Cocamide Mea;Rosa Canina Fruit Oil;Stearamide Amp;Pentylene Glycol;Salix Alba Bark Extract/Salix Alba (Willow) Bark Extract;Dipotassium Glycyrrhizate;Hydroxyphenyl Propamidobenzoic Acid;Ascorbyl Palmitate;BHT;Phenethyl Alcohol;Methylparaben;Propylparaben,",0.0,63.0,2700.0,4.2857,1.0,Moisturizers,170.0,6.8,2.33,cleanser,nan
Cleanser,DR. BRANDT SKINCARE,microdermabrasion age defying exfoliator,79,4.7,"Water, Alumina, Caprylic/Capric Triglyceride, Glycerin, Cetyl Alcohol, Glyceryl Stearate, Peg-100 Stearate, Ammonium Acryloyldimethyltaurate/Vp Copolymer, Simmondsia Chinensis (Jojoba) Seed Oil, Xanthan Gum, Phenoxyethanol,Lactic Acid, Fragrance (Parfum), Menthone Glycerin Acetal, Allantoin, Disodium Edta, Tocopheryl Acetate, Magnesium Oxide, Propylene Glycol, Aloe Barbadensis Leaf Extract, Vitis Vinifera (Grape) Seed Extract, Chamomilla Recutita (Matricaria) Flower Extract, Camellia Sinensis Leaf Extract, Citral, Limonene.",1,1,1,1,0,microdermabrasion_age_defying_exfoliator,dr._brandt_skincare,cleanser,dr._brandt_skincare_microdermabrasion_age_defying_exfoliator,,,,,,,,,,"Alumina;Caprylic/Capric Triglyceride;Glycerin;Cetyl Alcohol;Glyceryl Stearate;Peg-100 Stearate;Ammonium Acryloyldimethyltaurate/Vp Copolymer;Simmondsia Chinensis (Jojoba) Seed Oil;Xanthan Gum;Phenoxyethanol;Lactic Acid;Fragrance (Parfum);Menthone Glycerin Acetal;Allantoin;Disodium Edta;Tocopheryl Acetate;Magnesium Oxide;Propylene Glycol;Aloe Barbadensis Leaf Extract;Vitis Vinifera (Grape) Seed Extract;Chamomilla Recutita (Matricaria) Flower Extract;Camellia Sinensis Leaf Extract;Citral;Limonene,",,,,,,,,,,cleanser,nan
Cleanser,CLINIQUE,Liquid Facial Soap,18,4.4,"Water, Sodium Laureth Sulfate, Sodium Chloride, Cocamidopropyl Hydroxysultaine, Lauramidopropyl Betaine, Sodium Cocoyl Sarcosinate, Tea-Cocoyl Glutamate, Di-Ppg-2 Myreth-10 Adipate, Aloe Barbadensis Leaf Juice, Peg-120 Methyl Glucose Dioleate, Sucrose, Sodium Hyaluronate, Cetyl Triethylmonium Dimethicone Peg-8 Succinate, Butylene Glycol, Hexylene Glycol, Polyquaternium-7, Laureth-2, Caprylyl Glycol, Sodium Sulfate, Tocopheryl Acetate, Edta, Disodium Edta, Phenoxyethanol Please be aware that ingredient lists may change or vary from time to time. Please refer to the ingredient list on the product package you receive for the most up to date list of ingredients.",1,1,1,1,1,liquid_facial_soap,clinique,cleanser,clinique_liquid_facial_soap,,,,,,,,,,"Sodium Laureth Sulfate;Sodium Chloride;Cocamidopropyl Hydroxysultaine;Lauramidopropyl Betaine;Sodium Cocoyl Sarcosinate;Tea-Cocoyl Glutamate;Di-Ppg-2 Myreth-10 Adipate;Aloe Barbadensis Leaf Juice;Peg-120 Methyl Glucose Dioleate;Sucrose;Sodium Hyaluronate;Cetyl Triethylmonium Dimethicone Peg-8 Succinate;Butylene Glycol;Hexylene Glycol;Polyquaternium-7;Laureth-2;Caprylyl Glycol;Sodium Sulfate;Tocopheryl Acetate;Edta;Disodium Edta;Phenoxyethanol Please be aware that ingredient lists may change or vary from time to time, Please refer to the ingredient list on the product package you receive for the most up to date list of ingredients,",,,,,,,,,,cleanser,nan
Cleanser,TATA HARPER,Regenerating Cleanser,42,4.2,*Ingredients from organic farming. **Clinical grade essential oils blend.,1,1,1,1,0,regenerating_cleanser,tata_harper,cleanser,tata_harper_regenerating_cleanser,,,,,,,,,,"*Ingredients from organic farming, **Clinical grade essential oils blend,",,,,,,,,,,cleanser,nan
Cleanser,BIOSSANCE,Squalane + Glycolic Renewal Facial,68,4.8,"Water, Glycerin, Glycolic Acid, Squalane, Caprylic/Capric Triglyceride, Stearyl Alcohol, Arachidyl Alcohol, Clay Mineral Oxides, Behenyl Alcohol, Sodium Hydroxide, Lactic Acid, Pyrus Malus (Apple) Fruit Extract, Capryloyl Glycerin/Sebacic Acid Copolymer, Vaccinium Myrtillus Fruit Extract, Saccharum Officinarum (Sugarcane) Extract, Acer Saccharum (Sugar Maple) Extract, Kaolin, Sodium Hyaluronate, Xanthan Gum, Diheptyl Succinate, Citrus Aurantium Dulcis (Orange) Fruit Extract, Citrus Limon (Lemon) Fruit Extract, Citric Acid, Tartaric Acid, Glycyrrhiza Glabra (Licorice) Root Extract, Citrus Limon (Lemon) Peel Oil, Montmorillonite, Illite, Acacia Senegal Gum, Biosaccharide Gum-1, Arachidyl Glucoside, Polyacrylate Crosspolymer-6, Phenoxyethanol, Ethylhexylglycerin, Sodium Phytate, Limonene.",1,1,1,1,0,squalane_glycolic_renewal_facial,biossance,cleanser,biossance_squalane_glycolic_renewal_facial,1.0,65.0,14325.0,4.8308,2.02,Treatments,33.66,7.43,0.45,"Glycerin;Glycolic Acid;Squalane;Caprylic/Capric Triglyceride;Stearyl Alcohol;Arachidyl Alcohol;Clay Mineral Oxides;Behenyl Alcohol;Sodium Hydroxide;Lactic Acid;Pyrus Malus (Apple) Fruit Extract;Capryloyl Glycerin/Sebacic Acid Copolymer;Vaccinium Myrtillus Fruit Extract;Saccharum Officinarum (Sugarcane) Extract;Acer Saccharum (Sugar Maple) Extract;Kaolin;Sodium Hyaluronate;Xanthan Gum;Diheptyl Succinate;Citrus Aurantium Dulcis (Orange) Fruit Extract;Citrus Limon (Lemon) Fruit Extract;Citric Acid;Tartaric Acid;Glycyrrhiza Glabra (Licorice) Root Extract;Citrus Limon (Lemon) Peel Oil;Montmorillonite;Illite;Acacia Senegal Gum;Biosaccharide Gum-1;Arachidyl Glucoside;Polyacrylate Crosspolymer-6;Phenoxyethanol;Ethylhexylglycerin;Sodium Phytate;Limonene,",1.0,65.0,14325.0,4.8308,2.02,Treatments,33.66,7.43,0.45,treatment,High (13k - 26k)
Cleanser,CAUDALIE,Instant Foaming Cleanser,28,4.3,"Water, Glycerin, Sodium Cocoyl Glutamate, Cocamidopropyl Betaine, Caprylyl/Capryl Glucoside, Sodium Chloride, Citric Acid, Caprylyl Glycol, Fragrance, Coco-Betaine, Potassium Sorbate, Sodium Methyl Cocoyl Taurate, Sodium Cocoyl Isethionate, Sodium Phytate, Matricaria Flower Extract, Sage Leaf Extract, Grape Fruit Extract, Sodium Benzoate, Butylphenyl Methylpropional, Linalool, Citronellol.",1,1,1,1,1,instant_foaming_cleanser,caudalie,cleanser,caudalie_instant_foaming_cleanser,,,,,,,,,,"Glycerin;Sodium Cocoyl Glutamate;Cocamidopropyl Betaine;Caprylyl/Capryl Glucoside;Sodium Chloride;Citric Acid;Caprylyl Glycol;Fragrance;Coco-Betaine;Potassium Sorbate;Sodium Methyl Cocoyl Taurate;Sodium Cocoyl Isethionate;Sodium Phytate;Matricaria Flower Extract;Sage Leaf Extract;Grape Fruit Extract;Sodium Benzoate;Butylphenyl Methylpropional;Linalool;Citronellol,",,,,,,,,,,cleanser,nan
Cleanser,KORRES,Greek Yoghurt Foaming Cream Cleanser,26,4.6,"Water, Sodium Cocoyl Isethionate, Cocobetaine, Cetearyl Alcohol, Disodium Lauryl Sulfosuccinate, Zea Mays (Corn) Starch, Glycerin, Cocamidopropyl Betaine, Sodium Methyl Cocoyl Taurate, Magnesium Aluminum Silicate, Glyceryl Laurate, Sclerotium Gum, Alcohol, Amaranthus Caudatus Seed Extract, Hydrogenated Castor Oil, Hydrolyzed Rice Protein, Lactis Proteinum/Whey Protein/Protéine Du Lait, Lactose, Lonicera Caprifolium (Honeysuckle) Flower Extract, Lonicera Japonica (Honeysuckle) Flower Extract, Parfum/Fragrance, Sodium Cocoyl Alaninate, Sodium Cocoyl Hydrolyzed Amaranth Protein, Sodium Phytate, Titanium Dioxide, Yogurt Powder.",1,1,1,1,1,greek_yoghurt_foaming_cream_cleanser,korres,cleanser,korres_greek_yoghurt_foaming_cream_cleanser,,,,,,,,,,"Sodium Cocoyl Isethionate;Cocobetaine;Cetearyl Alcohol;Disodium Lauryl Sulfosuccinate;Zea Mays (Corn) Starch;Glycerin;Cocamidopropyl Betaine;Sodium Methyl Cocoyl Taurate;Magnesium Aluminum Silicate;Glyceryl Laurate;Sclerotium Gum;Alcohol;Amaranthus Caudatus Seed Extract;Hydrogenated Castor Oil;Hydrolyzed Rice Protein;Lactis Proteinum/Whey Protein/Protéine Du Lait;Lactose;Lonicera Caprifolium (Honeysuckle) Flower Extract;Lonicera Japonica (Honeysuckle) Flower Extract;Parfum/Fragrance;Sodium Cocoyl Alaninate;Sodium Cocoyl Hydrolyzed Amaranth Protein;Sodium Phytate;Titanium Dioxide;Yogurt Powder,",,,,,,,,,,cleanser,nan
Cleanser,TARTE,Knockout Tingling Treatment,39,4.5,"Water, niacinamide, lactic acid, citric acid, propanediol, glycerin, gluconolactone, malic acid, phytic acid, salicylic acid, sodium benzoate, magnesium chloride, acetic acid, potassium sorbate, allium cepa (onion) bulb extract, calcium gluconate, cochlearia armoracia (horseradish) root extract, commiphora myrrha resin extract, myrtus communis extract, rumex acetosa leaf extract, thymus vulgaris (thyme) flower/leaf extract, calcium chloride, sodium chloride, potassium chloride, sulfur.",0,0,0,0,0,knockout_tingling_treatment,tarte,cleanser,tarte_knockout_tingling_treatment,,,,,,,,,,"niacinamide;lactic acid;citric acid;propanediol;glycerin;gluconolactone;malic acid;phytic acid;salicylic acid;sodium benzoate;magnesium chloride;acetic acid;potassium sorbate;allium cepa (onion) bulb extract;calcium gluconate;cochlearia armoracia (horseradish) root extract;commiphora myrrha resin extract;myrtus communis extract;rumex acetosa leaf extract;thymus vulgaris (thyme) flower/leaf extract;calcium chloride;sodium chloride;potassium chloride;sulfur,",,,,,,,,,,cleanser,nan
Cleanser,CAUDALIE,Moisturizing Toner,28,4.4,"Water, Butylene Glycol, Peg-40 Hydrogenated Castor Oil*, Sodium Carboxymethyl Betaglucan (Vinolevure), Methylpropanediol, Sodium Benzoate, Fragrance, Caprylyl Glycol, Citric Acid*, Biosaccharide Gum-1, Phenylpropanol, Glyceryl Caprylate.",1,1,1,1,1,moisturizing_toner,caudalie,cleanser,caudalie_moisturizing_toner,,,,,,,,,,"Butylene Glycol;Peg-40 Hydrogenated Castor Oil*;Sodium Carboxymethyl Betaglucan (Vinolevure);Methylpropanediol;Sodium Benzoate;Fragrance;Caprylyl Glycol;Citric Acid*;Biosaccharide Gum-1;Phenylpropanol;Glyceryl Caprylate,",,,,,,,,,,cleanser,nan
Cleanser,KIEHL'S SINCE 1851,Ultra Facial Cleanser,20,4.6,"Water, Sodium Laureth Sulfate, Decyl Glucoside, Glycerin, Cocamidopropyl Betaine, Disodium Cocoamphodiacetate, Acrylates Copolymer, Peg-200 Hydrogenated Glyceryl Palmate, Lauryl Glucoside, Sodium Chloride, Pentylene Glycol, Triethanolamine, Phenoxyethanol, Peg-7 Glyceryl Cocoate, Distearyl Ether, Behenyl Alcohol, Methylparaben, Laureth-2, Propylparaben, Sodium Methylparaben, Squalane, Sweet Almond Oil, Apricot Kernel Oil, Tocopherol, Ascorbyl Glucoside, Avocado Oil, Sodium Hydroxide, Citric Acid.",1,1,1,1,1,ultra_facial_cleanser,kiehl's_since_1851,cleanser,kiehl's_since_1851_ultra_facial_cleanser,,,,,,,,,,"Sodium Laureth Sulfate;Decyl Glucoside;Glycerin;Cocamidopropyl Betaine;Disodium Cocoamphodiacetate;Acrylates Copolymer;Peg-200 Hydrogenated Glyceryl Palmate;Lauryl Glucoside;Sodium Chloride;Pentylene Glycol;Triethanolamine;Phenoxyethanol;Peg-7 Glyceryl Cocoate;Distearyl Ether;Behenyl Alcohol;Methylparaben;Laureth-2;Propylparaben;Sodium Methylparaben;Squalane;Sweet Almond Oil;Apricot Kernel Oil;Tocopherol;Ascorbyl Glucoside;Avocado Oil;Sodium Hydroxide;Citric Acid,",0.0,28.0,5357.0,4.1786,6.0,Treatments,2.5,14.92,0.52,cleanser,nan
Cleanser,CLINIQUE,Clarifying Lotion 2,16,4.4,"Water , Alcohol Denat. , Glycerin , Hamamelis Virginiana (Witch Hazel) , Menthol , Acetyl Glucosamine , Trehalose , Sodium Hyaluronate , Butylene Glycol , Sodium Bicarbonate , Red 6 (Ci 15850) , Red 33 (Ci 17200) , Ext. Violet 2 (Ci 60730)",0,0,0,0,0,clarifying_lotion_2,clinique,cleanser,clinique_clarifying_lotion_2,,,,,,,,,,"Alcohol Denat,;Glycerin;Hamamelis Virginiana (Witch Hazel);Menthol;Acetyl Glucosamine;Trehalose;Sodium Hyaluronate;Butylene Glycol;Sodium Bicarbonate;Red 6 (Ci 15850);Red 33 (Ci 17200);Ext, Violet 2 (Ci 60730)",,,,,,,,,,cleanser,nan
Cleanser,KIEHL'S SINCE 1851,Ultra Facial Toner,16,4.5,"Water, Glycerin, Squalane, Phenoxyethanol, Acrylates/C10-30 Alkyl Acrylate Crosspolymer, Sorbitan Oleate, Ethylhexyl Salicylate, Peg-100 Stearate, Potassium Sorbate, Triethanolamine, P-Anisic Acid, Ascorbyl Glucoside, Sodium Hyaluronate, Prunus Amygdalus Dulcis Oil, Sweet Almond Oil, Prunus Armeniaca Kernel Oil, Apricot Kernel Oil, Tocopherol, Persea Gratissima Oil, Avocado Oil.",1,1,1,1,1,ultra_facial_toner,kiehl's_since_1851,cleanser,kiehl's_since_1851_ultra_facial_toner,,,,,,,,,,"Glycerin;Squalane;Phenoxyethanol;Acrylates/C10-30 Alkyl Acrylate Crosspolymer;Sorbitan Oleate;Ethylhexyl Salicylate;Peg-100 Stearate;Potassium Sorbate;Triethanolamine;P-Anisic Acid;Ascorbyl Glucoside;Sodium Hyaluronate;Prunus Amygdalus Dulcis Oil;Sweet Almond Oil;Prunus Armeniaca Kernel Oil;Apricot Kernel Oil;Tocopherol;Persea Gratissima Oil;Avocado Oil,",,,,,,,,,,cleanser,nan
Cleanser,SHISEIDO,Benefiance Extra Creamy Cleansing Foam,36,4.8,"Water, Stearic Acid, Peg-8, Myristic Acid, Glycerin, Potassium Hydroxide, Dipropylene Glycol, Lauric Acid, Glyceryl Stearate Se, Sorbitol, Cocamidopropyl Betaine, Peg-60 Glyceryl Isostearate, Microcrystalline Cellulose, Sodium Methyl Cocoyl Taurate, Fragrance (Parfum), Phytosteryl Macadamiate, Talc, Polyquaternium-39, Disodium Edta, Ethylcellulose, Butylphenyl Methylpropional, Iron Oxides (Ci 77492), Limonene, Linalool, Citronellol, Alpha-Isomethyl Ionone, Geraniol, Sodium Hyaluronate, Butylene Glycol, Sodium Benzoate, Serine, Sophora Angustifolia Root Extract, Iron Oxides (Ci 77491), Tocopherol.",1,1,1,1,0,benefiance_extra_creamy_cleansing_foam,shiseido,cleanser,shiseido_benefiance_extra_creamy_cleansing_foam,,,,,,,,,,"Stearic Acid;Peg-8;Myristic Acid;Glycerin;Potassium Hydroxide;Dipropylene Glycol;Lauric Acid;Glyceryl Stearate Se;Sorbitol;Cocamidopropyl Betaine;Peg-60 Glyceryl Isostearate;Microcrystalline Cellulose;Sodium Methyl Cocoyl Taurate;Fragrance (Parfum);Phytosteryl Macadamiate;Talc;Polyquaternium-39;Disodium Edta;Ethylcellulose;Butylphenyl Methylpropional;Iron Oxides (Ci 77492);Limonene;Linalool;Citronellol;Alpha-Isomethyl Ionone;Geraniol;Sodium Hyaluronate;Butylene Glycol;Sodium Benzoate;Serine;Sophora Angustifolia Root Extract;Iron Oxides (Ci 77491);Tocopherol,",,,,,,,,,,cleanser,nan
Cleanser,DRUNK ELEPHANT,Baby Pekee Bar™ + Juju Bar Travel Duo,18,4.5,"-Heilmoor Clay: Tones and detoxifies the skin.  -Virgin Marula Oil: Hydrates, protects, heals, and rejuvenates the skin; high in antioxidants and omegas 6 and 9.  -Blueberry Extract: Potent antioxidant with soothing and anti-glycation properties. Pekee Bar™: Sodium Coco-Sulfate, Disodium Lauryl Sulfosuccinate, Triticum Vulgare (Wheat) Starch, Cetearyl Alcohol, Paraffin, Sclerocarya Birrea Seed Oil, Water, Titanium Dioxide (CI 77891), Honey/Mel/Miel, Glycerin, Vaccinium Angustifolium (Blueberry) Fruit Extract. Juju Bar: Sodium Coco-Sulfate, Disodium Lauryl Sulfosuccinate, Triticum Vulgare (Wheat) Starch, Cetearyl Alcohol, Bambusa Vulgaris Leaf/Stem Extract, Paraffin, Sclerocarya Birrea Seed Oil, Water, Heilmoor Clay, Titanium Dioxide (CI 77891), Helianthus Annuus (Sunflower) Seed Oil, Euterpe Oleracea Fruit Extract, Lycium Barbarum Fruit Extract.",1,1,1,1,0,baby_pekee_bar_juju_bar_travel_duo,drunk_elephant,cleanser,drunk_elephant_baby_pekee_bar_juju_bar_travel_duo,,,,,,,,,,"-Heilmoor Clay: Tones and detoxifies the skin,  -Virgin Marula Oil: Hydrates;protects;heals;and rejuvenates the skin; high in antioxidants and omegas 6 and 9,  -Blueberry Extract: Potent antioxidant with soothing and anti-glycation properties, Pekee Bar™: Sodium Coco-Sulfate;Disodium Lauryl Sulfosuccinate;Triticum Vulgare (Wheat) Starch;Cetearyl Alcohol;Paraffin;Sclerocarya Birrea Seed Oil;Titanium Dioxide (CI 77891);Honey/Mel/Miel;Glycerin;Vaccinium Angustifolium (Blueberry) Fruit Extract, Juju Bar: Sodium Coco-Sulfate;Disodium Lauryl Sulfosuccinate;Triticum Vulgare (Wheat) Starch;Cetearyl Alcohol;Bambusa Vulgaris Leaf/Stem Extract;Paraffin;Sclerocarya Birrea Seed Oil;Heilmoor Clay;Titanium Dioxide (CI 77891);Helianthus Annuus (Sunflower) Seed Oil;Euterpe Oleracea Fruit Extract;Lycium Barbarum Fruit Extract,",,,,,,,,,,cleanser,nan
Cleanser,SEPHORA COLLECTION,Cleansing & Exfoliating Wipes - Coconut Water,7,4.7,No Info,0,0,0,0,0,cleansing_exfoliating_wipes_coconut_water,sephora_collection,cleanser,sephora_collection_cleansing_exfoliating_wipes_coconut_water,,,,,,,,,,No Info,,,,,,,,,,cleanser,nan
Cleanser,SHISEIDO,White Lucent Brightening Cleansing Foam,38,4.5,Visit the Shiseido boutique,0,0,0,0,0,white_lucent_brightening_cleansing_foam,shiseido,cleanser,shiseido_white_lucent_brightening_cleansing_foam,,,,,,,,,,Visit the Shiseido boutique,,,,,,,,,,cleanser,nan
Cleanser,GLAMGLOW,YOUTHMUD™ Tinglexfoliate Treatment,59,4.1,"Water, Montmorillonite, Kaolin, Magnesium Aluminum Silicate, Silica, Pumice, Camellia Sinensis Leaf, Cucumis Sativus (Cucumber) Fruit Extract, Chamomilla Recutita (Matricaria) Extract, Hedera Helix (Ivy) Extract, Symphytum Officinale (Comfrey) Leaf Extract, Camellia Oleifera Leaf Extract, Glycerin, Tocopheryl Acetate, Calendula Officinalis Extract, Ethylhexylglycerin, Hexylene Glycol, Lavandula Hybrida (Lavandin) Oil, Caprylyl Glycol, Pvp, Xanthan Gum, Fragrance, Hexyl Cinnamal, Linalool, Benzyl Benzoate, Limonene, Cinnamal, Chlorphenesin, Phenoxyethanol",1,1,1,1,0,youthmud_tinglexfoliate_treatment,glamglow,cleanser,glamglow_youthmud_tinglexfoliate_treatment,,,,,,,,,,Montmorillonite;Kaolin;Magnesium Aluminum Silicate;Silica;Pumice;Camellia Sinensis Leaf;Cucumis Sativus (Cucumber) Fruit Extract;Chamomilla Recutita (Matricaria) Extract;Hedera Helix (Ivy) Extract;Symphytum Officinale (Comfrey) Leaf Extract;Camellia Oleifera Leaf Extract;Glycerin;Tocopheryl Acetate;Calendula Officinalis Extract;Ethylhexylglycerin;Hexylene Glycol;Lavandula Hybrida (Lavandin) Oil;Caprylyl Glycol;Pvp;Xanthan Gum;Fragrance;Hexyl Cinnamal;Linalool;Benzyl Benzoate;Limonene;Cinnamal;Chlorphenesin;Phenoxyethanol,0.0,2000.0,77093.0,4.0934,1.7,,34.71,0.2,2.59,cleanser,nan
Cleanser,SUNDAY RILEY,Ceramic Slip Cleanser,35,4.3,"Water, Disodium Laureth Sulfosuccinate, Octyldoecanol, Polyacrylate-33, Propanediol, Polygyceryl-2 Caprate, Sodium Cocoyl Isethionate, Montmorillonoite, Kaolin, Olive Oil Polyglyceryl-6 esters, Rice Oil Glycereth-8 esters, Phospholipids, Sodium Lauroamphoacetate, Bisabolol, Pentylene Glycol, Sodium Chloride, Sodium Phytate, Caprylyl Glycol, Dehydeoacetic Acid, Benzoic Acid, Propylene Carbonate, Linalool, Farnesol",1,1,1,1,0,ceramic_slip_cleanser,sunday_riley,cleanser,sunday_riley_ceramic_slip_cleanser,,,,,,,,,,Disodium Laureth Sulfosuccinate;Octyldoecanol;Polyacrylate-33;Propanediol;Polygyceryl-2 Caprate;Sodium Cocoyl Isethionate;Montmorillonoite;Kaolin;Olive Oil Polyglyceryl-6 esters;Rice Oil Glycereth-8 esters;Phospholipids;Sodium Lauroamphoacetate;Bisabolol;Pentylene Glycol;Sodium Chloride;Sodium Phytate;Caprylyl Glycol;Dehydeoacetic Acid;Benzoic Acid;Propylene Carbonate;Linalool;Farnesol,,,,,,,,,,cleanser,nan
Cleanser,PETER THOMAS ROTH,Anti-Aging Cleansing Gel,38,4.4,"Water, Sodium Laureth Sulfate, Cocamidopropyl Betaine, Lauryl Glucoside, Propylene Glycol, Salicylic Acid, Glycolic Acid, Quercus Alba Bark Extract, Citrus Grandis (Grapefruit) Fruit Extract, Prunus Persica (Peach) Fruit Extract, Citrus Aurantifolia (Lime) Fruit Extract, Citrus Limon (Lemon) Fruit Extract, Arginine, Tilia Cordata Flower Extract, Allantoin, Bht, Panthenol, Butylene Glycol, Potassium Sorbate, Sodium Benzoate, Phenoxyethanol, Amyl Cinnamal, Linalool, Fragrance, Red 40 (Ci 16035), Yellow 5 (Ci 19140).",0,0,0,0,0,anti_aging_cleansing_gel,peter_thomas_roth,cleanser,peter_thomas_roth_anti_aging_cleansing_gel,,,,,,,,,,"Sodium Laureth Sulfate;Cocamidopropyl Betaine;Lauryl Glucoside;Propylene Glycol;Salicylic Acid;Glycolic Acid;Quercus Alba Bark Extract;Citrus Grandis (Grapefruit) Fruit Extract;Prunus Persica (Peach) Fruit Extract;Citrus Aurantifolia (Lime) Fruit Extract;Citrus Limon (Lemon) Fruit Extract;Arginine;Tilia Cordata Flower Extract;Allantoin;Bht;Panthenol;Butylene Glycol;Potassium Sorbate;Sodium Benzoate;Phenoxyethanol;Amyl Cinnamal;Linalool;Fragrance;Red 40 (Ci 16035);Yellow 5 (Ci 19140),",,,,,,,,,,cleanser,nan
Cleanser,CAUDALIE,Vinopure Natural Salicylic Acid Pore Minimizing Toner,28,3.8,*Plant origin.,1,0,1,1,1,vinopure_natural_salicylic_acid_pore_minimizing_toner,caudalie,cleanser,caudalie_vinopure_natural_salicylic_acid_pore_minimizing_toner,1.0,113.0,15427.0,3.9115,6.7,Treatments,4.18,3.46,0.73,"*Plant origin,",1.0,113.0,15427.0,3.9115,6.7,Treatments,4.18,3.46,0.73,treatment,High (13k - 26k)
Cleanser,MURAD,Clarifying Cleanser,30,4.3,"Water, Cocamidopropyl Betaine, Sodium C14-16 Olefin Sulfonate, Methyl Gluceth-20, PPG-26-Buteth-26, PEG-40 Hydrogenated Castor Oil, Butylene Glycol, Cimicifuga Racemosa Root Extract, Camellia Oleifera Leaf Extract, Silver Citrate, Menthol, PEG-150 Distearate, Corn Starch, Hydrolyzed Corn Starch, Hydrolyzed Corn Starch Octenylsuccinate, Glyceryl Stearate, Cocamidopropyl Dimethylamine, Polysorbate 80, Citric Acid, Tetrasodium EDTA, Chlorphenesin, Methylisothiazolinone, Limonene, Tangerine Leaf Oil, Citronella Oil, Lemon Peel Oil, Lime Oil, Lavandula Hybrida Oil, Mandarin Orange Peel Oil, Apricot Kernel Oil, Fragrance.",1,1,1,1,1,clarifying_cleanser,murad,cleanser,murad_clarifying_cleanser,0.0,2000.0,36126.0,4.2674,6.75,Treatments,4.44,0.21,5.54,"Cocamidopropyl Betaine;Sodium C14-16 Olefin Sulfonate;Methyl Gluceth-20;PPG-26-Buteth-26;PEG-40 Hydrogenated Castor Oil;Butylene Glycol;Cimicifuga Racemosa Root Extract;Camellia Oleifera Leaf Extract;Silver Citrate;Menthol;PEG-150 Distearate;Corn Starch;Hydrolyzed Corn Starch;Hydrolyzed Corn Starch Octenylsuccinate;Glyceryl Stearate;Cocamidopropyl Dimethylamine;Polysorbate 80;Citric Acid;Tetrasodium EDTA;Chlorphenesin;Methylisothiazolinone;Limonene;Tangerine Leaf Oil;Citronella Oil;Lemon Peel Oil;Lime Oil;Lavandula Hybrida Oil;Mandarin Orange Peel Oil;Apricot Kernel Oil;Fragrance,",0.0,2000.0,36126.0,4.2674,6.75,Treatments,4.44,0.21,5.54,cleanser,Very High (26k - 193k)
Cleanser,MAKEUP ERASER,The Original MakeUp Eraser® Makeup Remover Cloth,20,4.3,Visit the Makeup Eraser boutique,0,0,0,0,0,the_original_makeup_eraser_makeup_remover_cloth,makeup_eraser,cleanser,makeup_eraser_the_original_makeup_eraser_makeup_remover_cloth,,,,,,,,,,Visit the Makeup Eraser boutique,,,,,,,,,,cleanser,nan
Cleanser,BOSCIA,Clear Complexion Cleanser,28,4.4,"Water, Hydrogenated Starch Hydrolysate, Disodium Cocoyl Glutamate, Diglycerin, Acrylates/Steareth-20 Methacrylate Copolymer, Sodium Cocoyl Glycinate, Butylene Glycol, Methyl Gluceth-10, Sodium Cocoyl Glutamate, Sodium Lauroyl Glutamate, Caprylyl Glycol, 1,2-Hexanediol, Polysorbate 20, Sclerotium Gum, Cellulose Gum, Trisodium Ethylenediamine Disuccinate, Citric Acid, Rosmarinus Officinalis (Rosemary) Leaf Extract, Salix Nigra (Willow) Bark Extract, Simmondsia Chinensis (Jojoba) Seed Extract, Pelargonium Graveolens Flower Oil, Epilobium Angustifolium Flower/Leaf/Stem Extract.",1,1,1,1,1,clear_complexion_cleanser,boscia,cleanser,boscia_clear_complexion_cleanser,,,,,,,,,,"Hydrogenated Starch Hydrolysate;Disodium Cocoyl Glutamate;Diglycerin;Acrylates/Steareth-20 Methacrylate Copolymer;Sodium Cocoyl Glycinate;Butylene Glycol;Methyl Gluceth-10;Sodium Cocoyl Glutamate;Sodium Lauroyl Glutamate;Caprylyl Glycol;1,2-Hexanediol;Polysorbate 20;Sclerotium Gum;Cellulose Gum;Trisodium Ethylenediamine Disuccinate;Citric Acid;Rosmarinus Officinalis (Rosemary) Leaf Extract;Salix Nigra (Willow) Bark Extract;Simmondsia Chinensis (Jojoba) Seed Extract;Pelargonium Graveolens Flower Oil;Epilobium Angustifolium Flower/Leaf/Stem Extract,",,,,,,,,,,cleanser,nan
Cleanser,LA MER,The Tonic,95,4.1,"Declustered Water (-)/Aqua/Eau De-Structuree (-), Methyl Gluceth-20, Glycereth-26, Laminaria Saccharina Extract, Algae (Seaweed) Extract, Sesamum Indicum (Sesame) Seed Oil, Medicago Sativa (Alfalfa) Seed Powder, Helianthus Annuus (Sunflower) Seedcake, Prunus Amygdalus Dulcis (Sweet Almond) Seed Meal, Eucalyptus Globulus (Eucalyptus) Leaf Oil, Sodium Gluconate, Copper Gluconate, Calcium Gluconate, Magnesium Gluconate, Zinc Gluconate, Tocopheryl Succinate, Niacin, Sesamum Indicum (Sesame) Seed Powder, Butylene Glycol, Ppg-28-Buteth-35, Ppg-5-Ceteth-20, Sodium Hyaluronate, Citric Acid, Sodium Citrate, Polysorbate 20, Sucrose, Caffeine, Disodium Edta, Benzophenone-4, Phenoxyethanol, Potassium Sorbate, Fragrance, Linalool, Yellow 5 (Ci 19140), Red 33 (Ci 17200)",1,1,1,1,1,the_tonic,la_mer,cleanser,la_mer_the_tonic,,,,,,,,,,Declustered Water (-)/Aqua/Eau De-Structuree (-);Methyl Gluceth-20;Glycereth-26;Laminaria Saccharina Extract;Algae (Seaweed) Extract;Sesamum Indicum (Sesame) Seed Oil;Medicago Sativa (Alfalfa) Seed Powder;Helianthus Annuus (Sunflower) Seedcake;Prunus Amygdalus Dulcis (Sweet Almond) Seed Meal;Eucalyptus Globulus (Eucalyptus) Leaf Oil;Sodium Gluconate;Copper Gluconate;Calcium Gluconate;Magnesium Gluconate;Zinc Gluconate;Tocopheryl Succinate;Niacin;Sesamum Indicum (Sesame) Seed Powder;Butylene Glycol;Ppg-28-Buteth-35;Ppg-5-Ceteth-20;Sodium Hyaluronate;Citric Acid;Sodium Citrate;Polysorbate 20;Sucrose;Caffeine;Disodium Edta;Benzophenone-4;Phenoxyethanol;Potassium Sorbate;Fragrance;Linalool;Yellow 5 (Ci 19140);Red 33 (Ci 17200),,,,,,,,,,cleanser,nan
Cleanser,MAKE UP FOR EVER,Sens’Eyes - Waterproof Sensitive Eye Cleanser,25,4.4,"Water, Isododecane, Methylpropanediol, Pentylene Glycol, Acrylates Copolymer, Tromethamine, Butylene Glycol, Glycerin, Caprylyl Glycol, Sodium Dehydroacetate, Disodium EDTA, Panthenol, Honey Extract, Sodium Lauryl Sulfate, Urea, Gossypium Herbaceum (Cotton) Flower Extract, Blue 1 (Ci 42090), Fructose, Glucose, Inositol, Sucrose, Trehalose, Arginine HCL, Lysine HCL, Ornithine HCL, Sodium Lactate, Sodium Citrate.",0,0,0,0,0,sens’eyes_waterproof_sensitive_eye_cleanser,make_up_for_ever,cleanser,make_up_for_ever_sens’eyes_waterproof_sensitive_eye_cleanser,,,,,,,,,,"Isododecane;Methylpropanediol;Pentylene Glycol;Acrylates Copolymer;Tromethamine;Butylene Glycol;Glycerin;Caprylyl Glycol;Sodium Dehydroacetate;Disodium EDTA;Panthenol;Honey Extract;Sodium Lauryl Sulfate;Urea;Gossypium Herbaceum (Cotton) Flower Extract;Blue 1 (Ci 42090);Fructose;Glucose;Inositol;Sucrose;Trehalose;Arginine HCL;Lysine HCL;Ornithine HCL;Sodium Lactate;Sodium Citrate,",,,,,,,,,,cleanser,nan
Cleanser,KATE SOMERVILLE,EradiKate® Daily Cleanser Acne Treatment,38,4.3,"Water, Sodium Cocoyl Isethionate, Coco-Glucoside, Acrylates Copolymer, Coconut Alcohol, Glycereth-18 Ethylhexanoate, Glycereth-18, Stearyl Alcohol, Honey Extract, Oryza Sativa (Rice) Bran Extract, Avena Sativa (Oat) Kernel Extract, Oligopeptide-10, Boswellia Serrata Extract, Behenyl Alcohol, Glycerin, Xanthan Gum, Caprylyl Glycol, Hexylene Glycol, Butylene Glycol, Phenoxyethanol, Fragrance, Citric Acid, Sodium Hydroxide, Ethylhexylglycerin, Disodium EDTA, Disodium Carboxyethyl Siliconate, Titanium Dioxide (CI 77891), Iron Oxides (CI 77491).",1,0,1,1,0,eradikate_daily_cleanser_acne_treatment,kate_somerville,cleanser,kate_somerville_eradikate_daily_cleanser_acne_treatment,,,,,,,,,,"Sodium Cocoyl Isethionate;Coco-Glucoside;Acrylates Copolymer;Coconut Alcohol;Glycereth-18 Ethylhexanoate;Glycereth-18;Stearyl Alcohol;Honey Extract;Oryza Sativa (Rice) Bran Extract;Avena Sativa (Oat) Kernel Extract;Oligopeptide-10;Boswellia Serrata Extract;Behenyl Alcohol;Glycerin;Xanthan Gum;Caprylyl Glycol;Hexylene Glycol;Butylene Glycol;Phenoxyethanol;Fragrance;Citric Acid;Sodium Hydroxide;Ethylhexylglycerin;Disodium EDTA;Disodium Carboxyethyl Siliconate;Titanium Dioxide (CI 77891);Iron Oxides (CI 77491),",0.0,394.0,23424.0,4.2614,4.0,,9.5,1.08,1.68,cleanser,nan
Cleanser,BOSCIA,Exfoliating Peel Gel,34,4.1,"Water, Glycerin, Carbomer, Centrimonium Chloride, PPG-26-Buteth-26, PEG-40 Hydrogenated Castor Oil, Butylene Glycol, Maltodextrin, Lactobacillus/Punica Granatum Fruit Ferment Extract, Eclipta Prostrata Extract, Vaccinium Myrtillus Fruit Extract, Simmondsia Chinensis (Jojoba) Seed Extract, Saccharum Officinarum (Sugar Cane) Extract, Melia Azadirachta Leaf Extract, Pelargonium Graveolens Flower Oil, Epilobium Angustifolium Flower/Leaf/Stem Extract, Citrus Aurantium Dulcis (Orange) Peel Oil, Lavandula Angustifolia (Lavender) Oil, Citrus Limon (Lemon) Fruit Extract, Citrus Aurantuim Dulcis (Orange) Fruit Extract, Melia Azadirachta Flower Extract, Amino Esters-1,Leuconstoc/Radish Root Ferment Filtrate, Coccinia Indica Fruit Extract,Acer Saccharum (Sugar Maple) Extract, Moringa Oleifera Seed Oil, SolanumMelongena (Eggplant) Fruit Extract, Eugenia Caryophyllus (Clove) Leaf Oil,Subtilisin, Aloe Barbadensis Flower Extract, Ocium Basilicum (Basil) Extract, Ocimum Sanctum Leaf Extract, Lawsonia Inermis (Henna) Extract, Curcuma Longa (Turmeric) Root Extract, Corallina Officinalis Extract.",1,1,1,1,1,exfoliating_peel_gel,boscia,cleanser,boscia_exfoliating_peel_gel,,,,,,,,,,"Glycerin;Carbomer;Centrimonium Chloride;PPG-26-Buteth-26;PEG-40 Hydrogenated Castor Oil;Butylene Glycol;Maltodextrin;Lactobacillus/Punica Granatum Fruit Ferment Extract;Eclipta Prostrata Extract;Vaccinium Myrtillus Fruit Extract;Simmondsia Chinensis (Jojoba) Seed Extract;Saccharum Officinarum (Sugar Cane) Extract;Melia Azadirachta Leaf Extract;Pelargonium Graveolens Flower Oil;Epilobium Angustifolium Flower/Leaf/Stem Extract;Citrus Aurantium Dulcis (Orange) Peel Oil;Lavandula Angustifolia (Lavender) Oil;Citrus Limon (Lemon) Fruit Extract;Citrus Aurantuim Dulcis (Orange) Fruit Extract;Melia Azadirachta Flower Extract;Amino Esters-1;Leuconstoc/Radish Root Ferment Filtrate;Coccinia Indica Fruit Extract;Acer Saccharum (Sugar Maple) Extract;Moringa Oleifera Seed Oil;SolanumMelongena (Eggplant) Fruit Extract;Eugenia Caryophyllus (Clove) Leaf Oil;Subtilisin;Aloe Barbadensis Flower Extract;Ocium Basilicum (Basil) Extract;Ocimum Sanctum Leaf Extract;Lawsonia Inermis (Henna) Extract;Curcuma Longa (Turmeric) Root Extract;Corallina Officinalis Extract,",,,,,,,,,,cleanser,nan
Cleanser,IT COSMETICS,Bye Bye Makeup™ 3-in-1 Makeup Melting Cleansing Balm,38,4.5,"Ethylhexyl Palmitate, Peg-20 Glyceryl Triisostearate, Carthamus Tinctorius (Safflower) Seed Oil, Polyethylene, Macadamia Ternifolia Seed Oil, Peg-8 Isostearate, Butyrospermum Parkii (Shea) Butter, Tocopheryl Acetate, Aqua/Water/Eau, Aloe Barbadensis Leaf Extract, Camellia Sinensis Leaf Extract, Butylene Glycol, Glycerin, Glyceryl Linolenate, Beta-Sitosterol, Ceteth-24, Cholesterol, Glyceryl Linoleate, Choleth-24, Polysorbate 20, Niacinamide, Squalane, Peg-40 Hydrogenated Castor Oil, Glyceryl Arachidonate, Propylene Glycol, Panthenol, Avena Sativa (Oat) Kernel Extract, Ubiquinone, Ceramide Np, Ceramide Ap, Phytosphingosine, Curcuma Longa (Turmeric) Root Extract, Palmitoyl Tripeptide-1, Disteardimonium Hectorite, Propylene Carbonate, Palmitoyl Tetrapeptide-7, Palmitoyl Hexapeptide-12, Xanthan Gum, Copper Tripeptide-1, Palmitoyl Pentapeptide-4, Acetyl Hexapeptide-8, Ceramide Eos, Melaleuca Alternifolia (Tea Tree) Leaf Oil, Sodium Ascorbyl Phosphate, Retinyl Palmitate, Potassium Cetyl Phosphate, Silica, Hyaluronic Acid, Glycyrrhiza Glabra (Licorice) Root Extract, Hydrolyzed Collagen, Chamomilla Recutita (Matricaria) Flower Water, Colloidal Oatmeal, Leuconostoc/Radish Root Ferment Filtrate, Biotin, Octyldodecanol, Hydrogenated Lecithin, Carbomer, Caprylic/Capric Triglyceride, Sodium Lauroyl Lactylate, Sodium Lactate, Lecithin, Pentaerythrityl Tetraisostearate, Cyclomethicone, Dimethicone, Paraffinum Liquidum/ Mineral Oil/Huile Minerale, Citrus Aurantium Dulcis (Orange) Oil, Citric Acid, Disodium EDTA, Caprylyl Glycol, Phenoxyethanol, 1,2-Hexanediol, Ethylhexylglycerin, Fragrance, Alcohol.",1,1,1,1,1,bye_bye_makeup_3_in_1_makeup_melting_cleansing_balm,it_cosmetics,cleanser,it_cosmetics_bye_bye_makeup_3_in_1_makeup_melting_cleansing_balm,,,,,,,,,,"Ethylhexyl Palmitate;Peg-20 Glyceryl Triisostearate;Carthamus Tinctorius (Safflower) Seed Oil;Polyethylene;Macadamia Ternifolia Seed Oil;Peg-8 Isostearate;Butyrospermum Parkii (Shea) Butter;Tocopheryl Acetate;Aqua/Water/Eau;Aloe Barbadensis Leaf Extract;Camellia Sinensis Leaf Extract;Butylene Glycol;Glycerin;Glyceryl Linolenate;Beta-Sitosterol;Ceteth-24;Cholesterol;Glyceryl Linoleate;Choleth-24;Polysorbate 20;Niacinamide;Squalane;Peg-40 Hydrogenated Castor Oil;Glyceryl Arachidonate;Propylene Glycol;Panthenol;Avena Sativa (Oat) Kernel Extract;Ubiquinone;Ceramide Np;Ceramide Ap;Phytosphingosine;Curcuma Longa (Turmeric) Root Extract;Palmitoyl Tripeptide-1;Disteardimonium Hectorite;Propylene Carbonate;Palmitoyl Tetrapeptide-7;Palmitoyl Hexapeptide-12;Xanthan Gum;Copper Tripeptide-1;Palmitoyl Pentapeptide-4;Acetyl Hexapeptide-8;Ceramide Eos;Melaleuca Alternifolia (Tea Tree) Leaf Oil;Sodium Ascorbyl Phosphate;Retinyl Palmitate;Potassium Cetyl Phosphate;Silica;Hyaluronic Acid;Glycyrrhiza Glabra (Licorice) Root Extract;Hydrolyzed Collagen;Chamomilla Recutita (Matricaria) Flower Water;Colloidal Oatmeal;Leuconostoc/Radish Root Ferment Filtrate;Biotin;Octyldodecanol;Hydrogenated Lecithin;Carbomer;Caprylic/Capric Triglyceride;Sodium Lauroyl Lactylate;Sodium Lactate;Lecithin;Pentaerythrityl Tetraisostearate;Cyclomethicone;Dimethicone;Paraffinum Liquidum/ Mineral Oil/Huile Minerale;Citrus Aurantium Dulcis (Orange) Oil;Citric Acid;Disodium EDTA;Caprylyl Glycol;Phenoxyethanol;1,2-Hexanediol;Ethylhexylglycerin;Fragrance;Alcohol,",,,,,,,,,,cleanser,nan
Cleanser,PHILOSOPHY,The Microdelivery Exfoliating Facial Wash,8,4.6,"Water, Solum Diatomeae/Diatomaceous Earth/Terre De Diatomees, Sodium Cocoyl Apple Amino Acids, Glycerin, Acrylates/Steareth-20 Methacrylate Copolymer, Acrylates Copolymer, Decyl Glucoside, Disodium Cocoamphodiacetate, Phenoxyethanol, Lauryl Glucoside, Lithium Magnesium Sodium Silicate, Polysorbate 20, Hexylene Glycol, Sodium Hydroxide, Citrus Aurantium Dulcis (Orange) Peel Extract, Limonene, Decylene Glycol, Ethylhexylglycerin, Panthenol, Tetrasodium Edta, 1,2-Hexanediol, Ascorbyl Glucoside, Borago Officinalis Seed Oil, Tocopherol, Helianthus Annuus (Sunflower) Seed Oil, Tocotrienols, Triolein, Trilinolein, Magnesium Nitrate, Methylisothiazolinone, Methylchloroisothiazolinone, Magnesium Chloride.",1,1,1,1,1,the_microdelivery_exfoliating_facial_wash,philosophy,cleanser,philosophy_the_microdelivery_exfoliating_facial_wash,,,,,,,,,,"Solum Diatomeae/Diatomaceous Earth/Terre De Diatomees;Sodium Cocoyl Apple Amino Acids;Glycerin;Acrylates/Steareth-20 Methacrylate Copolymer;Acrylates Copolymer;Decyl Glucoside;Disodium Cocoamphodiacetate;Phenoxyethanol;Lauryl Glucoside;Lithium Magnesium Sodium Silicate;Polysorbate 20;Hexylene Glycol;Sodium Hydroxide;Citrus Aurantium Dulcis (Orange) Peel Extract;Limonene;Decylene Glycol;Ethylhexylglycerin;Panthenol;Tetrasodium Edta;1,2-Hexanediol;Ascorbyl Glucoside;Borago Officinalis Seed Oil;Tocopherol;Helianthus Annuus (Sunflower) Seed Oil;Tocotrienols;Triolein;Trilinolein;Magnesium Nitrate;Methylisothiazolinone;Methylchloroisothiazolinone;Magnesium Chloride,",,,,,,,,,,cleanser,nan
Cleanser,AMOREPACIFIC,Treatment Cleansing Foam,50,4.5,"Water, Glycerin, Stearic Acid, Myristic Acid, Potassium Hydroxide, Lauric Acid, Peg-8, Sodium Myristoyl Glutamate, Glyceryl Stearate, Peg-32, Peg/Ppg-25/30 Copolymer, Sorbitol, Peg-200 Hydrogenated Glyceryl Palmate, Cocamidopropyl Betaine, Phyllostachis Bambusoides Juice, Panax Ginseng Root Extract, Mangifera Indica (Mango) Seed Butter, Olea Europaea (Olive) Fruit Oil, Helianthus Annuus (Sunflower) Seed Oil, Algae Extract, Glycyrrhiza Glabra (Licorice) Root Extract, Corallina Officinalis Extract, Lactose, Disodium Edta, Microcrystalline Cellulose, Butylene Glycol, Sucrose, Alcohol, Zea Mays (Corn) Starch, Olive Oil Peg-8 Esters, Ultramarines (Ci 77007), Xanthan Gum, Tocopheryl Acetate, Trehalose, Triclosan, Phosphatidylcholine, Propylene Glycol, Peg-100 Stearate, Peg-14m, Peg-5 Rapeseed Sterol, Peg-7 Glyceryl Cocoate, Hydrogenated Lecithin, Sodium Benzoate, Fragrance.",1,0,1,1,0,treatment_cleansing_foam,amorepacific,cleanser,amorepacific_treatment_cleansing_foam,,,,,,,,,,"Glycerin;Stearic Acid;Myristic Acid;Potassium Hydroxide;Lauric Acid;Peg-8;Sodium Myristoyl Glutamate;Glyceryl Stearate;Peg-32;Peg/Ppg-25/30 Copolymer;Sorbitol;Peg-200 Hydrogenated Glyceryl Palmate;Cocamidopropyl Betaine;Phyllostachis Bambusoides Juice;Panax Ginseng Root Extract;Mangifera Indica (Mango) Seed Butter;Olea Europaea (Olive) Fruit Oil;Helianthus Annuus (Sunflower) Seed Oil;Algae Extract;Glycyrrhiza Glabra (Licorice) Root Extract;Corallina Officinalis Extract;Lactose;Disodium Edta;Microcrystalline Cellulose;Butylene Glycol;Sucrose;Alcohol;Zea Mays (Corn) Starch;Olive Oil Peg-8 Esters;Ultramarines (Ci 77007);Xanthan Gum;Tocopheryl Acetate;Trehalose;Triclosan;Phosphatidylcholine;Propylene Glycol;Peg-100 Stearate;Peg-14m;Peg-5 Rapeseed Sterol;Peg-7 Glyceryl Cocoate;Hydrogenated Lecithin;Sodium Benzoate;Fragrance,",,,,,,,,,,cleanser,nan
Cleanser,FARMACY,Clean Bee Ultra Gentle Facial Cleanser,28,4.3,"Water, Sodium Lauroyl Methyl Isethionate, Cocamidopropyl Hydroxysultaine, Chamomilla Recutita (Matricaria) Flower Water, Decyl Glucoside, Maltooligosyl Glucoside, Lauryl Glucoside, Glycerin, Hydrogenated Starch Hydrolysate, Echinacea Purpurea Root Extract, Honey Extract, Propolis Extract, Royal Jelly Extract, Hydrolyzed Sodium Hyaluronate, Calendula Officinalis Flower Extract, Glycyrrhiza Glabra (Licorice) Root Extract, Aloe Barbadensis Leaf Juice, Melia Azadirachta Leaf Extract, Lavandula Angustifolia (Lavender) Oil, Lavandula Hybrida Oil, Curcumin, Curcuma Longa (Turmeric) Root Extract, Betalne, Sodium Pca, Disodium Cocoyl Glutamate, Sodium Cocoyl Glutamate, Citric Acid, Sodium Benzoate, Abies Sibirica Oil, Cymbopogon Martini Oil, Pelargonium Graveolens Oil, Pogostemon Cablin Oil, Caramel, Anthemis Nobilis Flower Oil, Ocimum Basilicum (Basil) Flower/Leaf Extract, Ocimum Sanctum Leaf Extract, Melia Azadirachta Flower Extract, Corallina Officinalis Extract, Flavor (Aroma)*, Potassium Sorbate, Maltodextrin, Trisodium Ethylenediamine Disuccinate, Sodium Chloride, Sodium Phytate, Propanediol, Linalool. *Natural Flavor.",1,1,1,1,1,clean_bee_ultra_gentle_facial_cleanser,farmacy,cleanser,farmacy_clean_bee_ultra_gentle_facial_cleanser,,,,,,,,,,"Sodium Lauroyl Methyl Isethionate;Cocamidopropyl Hydroxysultaine;Chamomilla Recutita (Matricaria) Flower Water;Decyl Glucoside;Maltooligosyl Glucoside;Lauryl Glucoside;Glycerin;Hydrogenated Starch Hydrolysate;Echinacea Purpurea Root Extract;Honey Extract;Propolis Extract;Royal Jelly Extract;Hydrolyzed Sodium Hyaluronate;Calendula Officinalis Flower Extract;Glycyrrhiza Glabra (Licorice) Root Extract;Aloe Barbadensis Leaf Juice;Melia Azadirachta Leaf Extract;Lavandula Angustifolia (Lavender) Oil;Lavandula Hybrida Oil;Curcumin;Curcuma Longa (Turmeric) Root Extract;Betalne;Sodium Pca;Disodium Cocoyl Glutamate;Sodium Cocoyl Glutamate;Citric Acid;Sodium Benzoate;Abies Sibirica Oil;Cymbopogon Martini Oil;Pelargonium Graveolens Oil;Pogostemon Cablin Oil;Caramel;Anthemis Nobilis Flower Oil;Ocimum Basilicum (Basil) Flower/Leaf Extract;Ocimum Sanctum Leaf Extract;Melia Azadirachta Flower Extract;Corallina Officinalis Extract;Flavor (Aroma)*;Potassium Sorbate;Maltodextrin;Trisodium Ethylenediamine Disuccinate;Sodium Chloride;Sodium Phytate;Propanediol;Linalool, *Natural Flavor,",,,,,,,,,,cleanser,nan
Cleanser,CLINIQUE,Acne Solutions Cleansing Foam,21,4.2,"Water , Glycerin , Butylene Glycol , Sodium Methyl Cocoyl Taurate , Sucrose , Disodium Phosphate , Arginine Cocoate , Laminaria Saccharina Extract , Caffeine , Algae Extract , Cola Acuminata (Kola) Seed Extract , Sea Whip Extract , Peg/Ppg-18/18 Dimethicone , Sodium Hyaluronate , Ppg-6-Decyltetradeceth-30 , Lactobacillus Ferment , Stearamidopropyl Dimethylamine , Acetyl Glucosamine , Capryloyl Glycine , 10-Hydroxydecanoic Acid , Polyquaternium-7 , Phospholipids , Stearic Acid , Sodium Hydroxide , Disodium Edta , Phenoxyethanol , Chloroxylenol",1,1,1,1,0,acne_solutions_cleansing_foam,clinique,cleanser,clinique_acne_solutions_cleansing_foam,0.0,925.0,25738.0,4.1784,4.2,Treatments,5.0,0.45,3.59,Glycerin;Butylene Glycol;Sodium Methyl Cocoyl Taurate;Sucrose;Disodium Phosphate;Arginine Cocoate;Laminaria Saccharina Extract;Caffeine;Algae Extract;Cola Acuminata (Kola) Seed Extract;Sea Whip Extract;Peg/Ppg-18/18 Dimethicone;Sodium Hyaluronate;Ppg-6-Decyltetradeceth-30;Lactobacillus Ferment;Stearamidopropyl Dimethylamine;Acetyl Glucosamine;Capryloyl Glycine;10-Hydroxydecanoic Acid;Polyquaternium-7;Phospholipids;Stearic Acid;Sodium Hydroxide;Disodium Edta;Phenoxyethanol;Chloroxylenol,0.0,925.0,25738.0,4.1784,4.2,Treatments,5.0,0.45,3.59,cleanser,High (13k - 26k)
Cleanser,DRUNK ELEPHANT,Pekee Bar™,28,4.5,"Sodium Coco-Sulfate, Disodium Lauryl Sulfosuccinate, Triticum Vulgare (Wheat) Starch, Cetearyl Alcohol, Paraffin, Sclerocarya Birrea Seed Oil, Water/Aqua/Eau, Titanium Dioxide (CI 77891), Honey/Mel/Miel, Glycerin, Vaccinium Angustifolium (Blueberry) Fruit Extract.",1,1,1,1,1,pekee_bar,drunk_elephant,cleanser,drunk_elephant_pekee_bar,,,,,,,,,,"Sodium Coco-Sulfate;Disodium Lauryl Sulfosuccinate;Triticum Vulgare (Wheat) Starch;Cetearyl Alcohol;Paraffin;Sclerocarya Birrea Seed Oil;Water/Aqua/Eau;Titanium Dioxide (CI 77891);Honey/Mel/Miel;Glycerin;Vaccinium Angustifolium (Blueberry) Fruit Extract,",,,,,,,,,,cleanser,nan
Cleanser,ESTÉE LAUDER,Nutritious Radiant Vitality Energy Lotion,58,0.0,"Nutritious Vitality8 Egy Lot Int M Division: El (Estee Lauder)Ingredients: Water , Alcohol Denat. , Glycerin , Dipropylene Glycol , Propanediol , Trehalose , Citrullus Vulgaris (Watermelon) Fruit Extract , Lens Esculenta (Lentil) Fruit Extract , Pyrus Malus (Apple) Fruit Extract , Cucumis Sativus (Cucumber) Fruit Extract , Panax Ginseng (Ginseng) Root Extract , Vaccinium Macrocarpon (Cranberry) Fruit Extract , Vaccinium Angustifolium (Blueberry) Fruit Extract , Lycium Chinense (Wolfberry) Fruit Extract , Punica Granatum (Pomegranate) Extract , Acetyl Glucosamine , Sodium Pca , Sapindus Mukurossi Fruit Extract , Algae Extract , Garcinia Mangostana Peel Extract , Caesalpinia Spinosa Gum , Ergothioneine , Caffeine , Yeast Extract/Faex/Extrait De Levure , Sodium Lactate , Sodium Hyaluronate , Peg-8 , Ppg-6-Decyltetradeceth-30 , Butylene Glycol , Tromethamine , Tocopheryl Acetate , Tetrahexyldecyl Ascorbate , Carbomer , Citric Acid , Fragrance , Trisodium Hedta , Phenoxyethanol , Yellow 6 (Ci 15985) , Red 4 (Ci 14700)",0,0,0,0,0,nutritious_radiant_vitality_energy_lotion,estée_lauder,cleanser,estée_lauder_nutritious_radiant_vitality_energy_lotion,,,,,,,,,,"Nutritious Vitality8 Egy Lot Int M Division: El (Estee Lauder)Ingredients: Water;Alcohol Denat,;Glycerin;Dipropylene Glycol;Propanediol;Trehalose;Citrullus Vulgaris (Watermelon) Fruit Extract;Lens Esculenta (Lentil) Fruit Extract;Pyrus Malus (Apple) Fruit Extract;Cucumis Sativus (Cucumber) Fruit Extract;Panax Ginseng (Ginseng) Root Extract;Vaccinium Macrocarpon (Cranberry) Fruit Extract;Vaccinium Angustifolium (Blueberry) Fruit Extract;Lycium Chinense (Wolfberry) Fruit Extract;Punica Granatum (Pomegranate) Extract;Acetyl Glucosamine;Sodium Pca;Sapindus Mukurossi Fruit Extract;Algae Extract;Garcinia Mangostana Peel Extract;Caesalpinia Spinosa Gum;Ergothioneine;Caffeine;Yeast Extract/Faex/Extrait De Levure;Sodium Lactate;Sodium Hyaluronate;Peg-8;Ppg-6-Decyltetradeceth-30;Butylene Glycol;Tromethamine;Tocopheryl Acetate;Tetrahexyldecyl Ascorbate;Carbomer;Citric Acid;Fragrance;Trisodium Hedta;Phenoxyethanol;Yellow 6 (Ci 15985);Red 4 (Ci 14700)",,,,,,,,,,cleanser,nan
Cleanser,REN CLEAN SKINCARE,Ready Steady Glow Daily AHA Tonic,35,4.4,"REN does not use skin unfriendly ingredients, all products are free from synthetic fragrance, pore-blocking petrochemicals, sulfate detergents, silicones, synthetic colors, animal ingredients, and parabens. In addition, REN products do not contain potential irritants including: glycols and diglycols (such as propylene glycol), PEG's, PPGs, urea, D.E.A, T.E.A, PABA, and other synthetic sunscreens, aliphatic alcohols/hydrocarbons, phthalates, fumarates, amines, alkanolamines, synthetic AHAs/BHAs, polyacrylamide, metacrylate, elastomer, poloxamer, styrene, vinyl, polyquaternium, synthetic chelating agents, nylon, nitriles, nitrates, nitrosamine releasers, bromates, fluor, aluminum, and alumina",1,1,1,1,1,ready_steady_glow_daily_aha_tonic,ren_clean_skincare,cleanser,ren_clean_skincare_ready_steady_glow_daily_aha_tonic,,,,,,,,,,"REN does not use skin unfriendly ingredients;all products are free from synthetic fragrance;pore-blocking petrochemicals;sulfate detergents;silicones;synthetic colors;animal ingredients;and parabens, In addition;REN products do not contain potential irritants including: glycols and diglycols (such as propylene glycol);PEG's;PPGs;urea;D,E,A;T,E,A;PABA;and other synthetic sunscreens;aliphatic alcohols/hydrocarbons;phthalates;fumarates;amines;alkanolamines;synthetic AHAs/BHAs;polyacrylamide;metacrylate;elastomer;poloxamer;styrene;vinyl;polyquaternium;synthetic chelating agents;nylon;nitriles;nitrates;nitrosamine releasers;bromates;fluor;aluminum;and alumina",,,,,,,,,,cleanser,nan
Cleanser,LANCER,The Method: Polish,75,4.6,"Butylene Glycol, Sodium Bicarbonate, PEG-8, Magnesium Oxide, Glycerin, Oleth-20, Trihydroxystearin, Glyceryl Stearate, PEG-100 Stearate, Silica, Alaria Escilenta Extract, Lactobacillus/Pumpkin Ferment Extract, Lactobacillus/Punica Granatim Fruit Ferment Extract, Helianthis Annus (Sunflower) Seed Oil, Leuconostoc/Radish Root Ferment Filtrate, Lavandula Angustifolia (Lavender) Oil, Tocopheryl Acetate, Retinyl Palmitate, Caprylic/Capric Triglyceride, Water, Linalool.",1,0,1,0,0,the_method:_polish,lancer,cleanser,lancer_the_method:_polish,,,,,,,,,,"Butylene Glycol;Sodium Bicarbonate;PEG-8;Magnesium Oxide;Glycerin;Oleth-20;Trihydroxystearin;Glyceryl Stearate;PEG-100 Stearate;Silica;Alaria Escilenta Extract;Lactobacillus/Pumpkin Ferment Extract;Lactobacillus/Punica Granatim Fruit Ferment Extract;Helianthis Annus (Sunflower) Seed Oil;Leuconostoc/Radish Root Ferment Filtrate;Lavandula Angustifolia (Lavender) Oil;Tocopheryl Acetate;Retinyl Palmitate;Caprylic/Capric Triglyceride;Linalool,",,,,,,,,,,cleanser,nan
Cleanser,MURAD,AHA/BHA Exfoliating Cleanser,39,4.6,"Water, Sodium Laureth Sulfate, Cocamidopropyl Betaine, Jojoba Esters, Acrylates Copolymer, Glycol Stearate, Butylene Glycol, Sodium PCA, Dipotassium Glycyrrhizate, Sodium Ascorbyl Phosphate, Glycolic Acid, Lactic Acid, Salicylic Acid, Polyquaternium-4, Sodium Hydroxide, Sodium Chloride, Citric Acid, Disodium EDTA, Phenoxyethanol, Methylparaben, Propylparaben.",0,0,0,0,0,aha_bha_exfoliating_cleanser,murad,cleanser,murad_aha_bha_exfoliating_cleanser,,,,,,,,,,"Sodium Laureth Sulfate;Cocamidopropyl Betaine;Jojoba Esters;Acrylates Copolymer;Glycol Stearate;Butylene Glycol;Sodium PCA;Dipotassium Glycyrrhizate;Sodium Ascorbyl Phosphate;Glycolic Acid;Lactic Acid;Salicylic Acid;Polyquaternium-4;Sodium Hydroxide;Sodium Chloride;Citric Acid;Disodium EDTA;Phenoxyethanol;Methylparaben;Propylparaben,",,,,,,,,,,cleanser,nan
Cleanser,LANEIGE,Multi Cleanser,23,4.5,"Water, Glycerin, Stearic Acid, Myristic Acid, PEG-32, Potassium Hydroxide, Butylene Glycol, Propylene Glycol, Laureth-1 Phosphate, Cellulose, Lauric Acid, Lauryl Phosphate, Papain, Camellia Sinensis Leaf Extract, Lactobacillus, Water Hyacinth Ferment, Mannitol, Hydrolyzed Wheat Protein, Lauramide DEA, PEG-100 Stearate, Glyceryl Stearate, Disodium EDTA, Polymethyl Methacrylate, PEG-75, Fragrance.",1,1,1,1,1,multi_cleanser,laneige,cleanser,laneige_multi_cleanser,,,,,,,,,,"Glycerin;Stearic Acid;Myristic Acid;PEG-32;Potassium Hydroxide;Butylene Glycol;Propylene Glycol;Laureth-1 Phosphate;Cellulose;Lauric Acid;Lauryl Phosphate;Papain;Camellia Sinensis Leaf Extract;Lactobacillus;Water Hyacinth Ferment;Mannitol;Hydrolyzed Wheat Protein;Lauramide DEA;PEG-100 Stearate;Glyceryl Stearate;Disodium EDTA;Polymethyl Methacrylate;PEG-75;Fragrance,",,,,,,,,,,cleanser,nan
Cleanser,CLARINS,Gentle Foaming Cleanser with Cottonseed,26,4.5,"Water, Glycerin, Stearic Acid, Myristic Acid, Potassium Hydroxide, Dimethicone, Lauric Acid, Sodium Lauroyl Sarcosinate, Tipa-Laureth Sulfate, Glycol Distearate, Glyceryl Behenate, Ozokerite, Parfum/Fragrance, Propylene Glycol, Tetrasodium Edta, Alpha-Glucan Oligosaccharide, Polymnia Sonchifolia Root Juice, Maltodextrin, Gossypium Herbaceum (Cotton) Seed Extract, Gypsophila Paniculata Root Extract, Lactobacillus, Potassium Sorbate, Methylchloroisothiazolinone, Methylisothiazolinone, Bh, Benzyl Salicylate, Butylphenyl, Methylpropional, Limonene, Linalool, Ci7789/Titanium Dioxide.",1,0,1,0,0,gentle_foaming_cleanser_with_cottonseed,clarins,cleanser,clarins_gentle_foaming_cleanser_with_cottonseed,,,,,,,,,,"Glycerin;Stearic Acid;Myristic Acid;Potassium Hydroxide;Dimethicone;Lauric Acid;Sodium Lauroyl Sarcosinate;Tipa-Laureth Sulfate;Glycol Distearate;Glyceryl Behenate;Ozokerite;Parfum/Fragrance;Propylene Glycol;Tetrasodium Edta;Alpha-Glucan Oligosaccharide;Polymnia Sonchifolia Root Juice;Maltodextrin;Gossypium Herbaceum (Cotton) Seed Extract;Gypsophila Paniculata Root Extract;Lactobacillus;Potassium Sorbate;Methylchloroisothiazolinone;Methylisothiazolinone;Bh;Benzyl Salicylate;Butylphenyl;Methylpropional;Limonene;Linalool;Ci7789/Titanium Dioxide,",,,,,,,,,,cleanser,nan
Cleanser,SHISEIDO,Ibuki Gentle Cleanser,30,4.4,"Water, Stearic Acid, Peg-8, Myristic Acid, Potassium Hydroxide, Glycerin, Lauric Acid, Alcohol Denat., Butylene Glycol, Glyceryl Stearate Se, Trehalose, Polyquaternium-7, Cocamidopropyl Betaine, Sodium Methyl Cocoyl Taurate, Tocopherol, Fragrance, Disodium Edta, Sodium Benzoate, Limonene, Hexyl Cinnamal, Butylphenyl Methylpropional, Betaine.",0,0,0,0,0,ibuki_gentle_cleanser,shiseido,cleanser,shiseido_ibuki_gentle_cleanser,,,,,,,,,,"Stearic Acid;Peg-8;Myristic Acid;Potassium Hydroxide;Glycerin;Lauric Acid;Alcohol Denat,;Butylene Glycol;Glyceryl Stearate Se;Trehalose;Polyquaternium-7;Cocamidopropyl Betaine;Sodium Methyl Cocoyl Taurate;Tocopherol;Fragrance;Disodium Edta;Sodium Benzoate;Limonene;Hexyl Cinnamal;Butylphenyl Methylpropional;Betaine,",,,,,,,,,,cleanser,nan
Cleanser,DR. JART+,Ceramidin™ Liquid,39,4.5,"Water, Dipropylene Glycol, Alcohol, Betaine, Propanediol, Glycosyl Trehalose, 1,2-Hexanediol, Erythritol, Pentylene Glycol, Glycerin, Hydrogenated Starch Hydrolysate, Acrylates/C10-30 Alkyl Acrylate Crosspolymer, Triethylhexanoin, Diphenyl Dimethicone, Triethylhexanoin, Panthenol, Butylene Glycol, Hydrogenated Lecithin, Centella Asiatica Extract, Icus Carica (Fig) Fruit Extract, Melia Azadirachta Leaf Extract, Theobroma Cacao (Cocoa) Seed Extract, Amaranthus Caudatus Seed Extract, Ulmus Davidiana Root Extract, Curcuma Longa (Turmeric) Root Extract, Ocimum Sanctum Leaf Extract, Corallina Officinalis Extract, Pyracantha Fortuneana Fruit Extract, Carbomer, Cellulose Gum, Sucrose Distearate, Dipotassium Glycyrrhizate, Ethylhexylglycerin, Methylpropanediol, Disodium Edta, Glyceryl Polymethacrylate, Citrus Aurantium Bergamia (Bergamot) Fruit Oil, C12-14 Pareth-12, Polyglyceryl-10 Myristate, Pelargonium Graveolens Flower Oil, Dextrin, Glyceryl Stearate, Sodium Hyaluronate, Salvia Officinalis (Sage) Oil, Pogostemon Cablin Oil, Cholesterol, Ceramide EOP, Ceramide AP, Ceramide AS, Ceramide NS.",1,1,1,0,1,ceramidin_liquid,dr._jart,cleanser,dr._jart_ceramidin_liquid,,,,,,,,,,"Dipropylene Glycol;Alcohol;Betaine;Propanediol;Glycosyl Trehalose;1,2-Hexanediol;Erythritol;Pentylene Glycol;Glycerin;Hydrogenated Starch Hydrolysate;Acrylates/C10-30 Alkyl Acrylate Crosspolymer;Triethylhexanoin;Diphenyl Dimethicone;Triethylhexanoin;Panthenol;Butylene Glycol;Hydrogenated Lecithin;Centella Asiatica Extract;Icus Carica (Fig) Fruit Extract;Melia Azadirachta Leaf Extract;Theobroma Cacao (Cocoa) Seed Extract;Amaranthus Caudatus Seed Extract;Ulmus Davidiana Root Extract;Curcuma Longa (Turmeric) Root Extract;Ocimum Sanctum Leaf Extract;Corallina Officinalis Extract;Pyracantha Fortuneana Fruit Extract;Carbomer;Cellulose Gum;Sucrose Distearate;Dipotassium Glycyrrhizate;Ethylhexylglycerin;Methylpropanediol;Disodium Edta;Glyceryl Polymethacrylate;Citrus Aurantium Bergamia (Bergamot) Fruit Oil;C12-14 Pareth-12;Polyglyceryl-10 Myristate;Pelargonium Graveolens Flower Oil;Dextrin;Glyceryl Stearate;Sodium Hyaluronate;Salvia Officinalis (Sage) Oil;Pogostemon Cablin Oil;Cholesterol;Ceramide EOP;Ceramide AP;Ceramide AS;Ceramide NS,",,,,,,,,,,cleanser,nan
Cleanser,CLINIQUE,Exfoliating Scrub,22,4.7,"Water , Glyceryl Stearate , Polyethylene , Hexylene Glycol , Disodium Cocoamphodiacetate , Disodium Oleamido Mipa-Sulfosuccinate , Magnesium Aluminum Silicate , Salicylic Acid , Menthol , Stearamidoethyl Diethylamine , Oleamide Mipa , Trisodium Sulfosuccinate , Sodium Sulfate , Phenoxyethanol , Methylisothiazolinone , Titanium Dioxide (Ci 77891) Rds Product Name: Spf30 Face Cream Division: Cl (Clinique)Water , Ethylhexyl Salicylate , Methyl Trimethicone , Homosalate , Butylene Glycol , Benzophenone-3 (Oxybenzone) , Butyloctyl Salicylate , Neopentyl Glycol Diheptanoate , Butyl Methoxydibenzoylmethane , Butyrospermum Parkii (Shea Butter) , Octocrylene , Peg-100 Stearate , Silica , Dipentaerythrityl Tri-Polyhydroxystearate , Lauryl Peg-9 Polydimethylsiloxyethyl Dimethicone , Dimethicone , Glyceryl Stearate , Laurdimonium Hydroxypropyl Hydrolyzed Soy Protein , Rosmarinus Officinalis (Rosemary) Extract , Perilla Ocymoides Leaf Extract , Plankton Extract , Caffeine , Potassium Cetyl Phosphate , Sucrose , Styrene/Acrylates Copolymer , C30-38 Olefin/Isopropyl Maleate/Ma Copolymer , Cetyl Alcohol , Vp/Eicosene Copolymer , Ethylhexylglycerin , Ammonium Acryloyldimethyltaurate/Vp Copolymer , Peg-8 Laurate , Sodium Rna , Lecithin , Propyl Gallate , Arginine Ferulate , Tocopheryl Acetate , Caprylyl Glycol , Ascorbyl Tocopheryl Maleate , Stearic Acid , Xanthan Gum , Hexylene Glycol , Nordihydroguaiaretic Acid , Disodium Edta , Phenoxyethanol , Mica , Sodium Dehydroacetate Rds Product Name: Spf50 Body Cream Division: Cl (Clinique)Water , Benzophenone-3 (Oxybenzone) , Ethylhexyl Salicylate , Methyl Trimethicone , Homosalate , Butylene Glycol , Butyloctyl Salicylate , Neopentyl Glycol Diheptanoate , Butyl Methoxydibenzoylmethane , Butyrospermum Parkii (Shea Butter) , Octocrylene , Peg-100 Stearate , Silica , Dipentaerythrityl Tri-Polyhydroxystearate , Lauryl Peg-9 Polydimethylsiloxyethyl Dimethicone , Dimethicone , Glyceryl Stearate , Laurdimonium Hydroxypropyl Hydrolyzed Soy Protein , Rosmarinus Officinalis (Rosemary) Extract , Perilla Ocymoides Leaf Extract , Caffeine , Potassium Cetyl Phosphate , Sucrose , Styrene/Acrylates Copolymer , C30-38 Olefin/Isopropyl Maleate/Ma Copolymer , Cetyl Alcohol , Vp/Eicosene Copolymer , Ethylhexylglycerin , Ammonium Acryloyldimethyltaurate/Vp Copolymer , Peg-8 Laurate , Sodium Rna , Lecithin , Propyl Gallate , Arginine Ferulate , Tocopheryl Acetate , Caprylyl Glycol , Ascorbyl Tocopheryl Maleate , Stearic Acid , Xanthan Gum , Hexylene Glycol , Nordihydroguaiaretic Acid , Disodium Edta , Phenoxyethanol , Mica , Sodium Dehydroacetate",1,0,0,1,0,exfoliating_scrub,clinique,cleanser,clinique_exfoliating_scrub,,,,,,,,,,Glyceryl Stearate;Polyethylene;Hexylene Glycol;Disodium Cocoamphodiacetate;Disodium Oleamido Mipa-Sulfosuccinate;Magnesium Aluminum Silicate;Salicylic Acid;Menthol;Stearamidoethyl Diethylamine;Oleamide Mipa;Trisodium Sulfosuccinate;Sodium Sulfate;Phenoxyethanol;Methylisothiazolinone;Titanium Dioxide (Ci 77891) Rds Product Name: Spf30 Face Cream Division: Cl (Clinique)Water;Ethylhexyl Salicylate;Methyl Trimethicone;Homosalate;Butylene Glycol;Benzophenone-3 (Oxybenzone);Butyloctyl Salicylate;Neopentyl Glycol Diheptanoate;Butyl Methoxydibenzoylmethane;Butyrospermum Parkii (Shea Butter);Octocrylene;Peg-100 Stearate;Silica;Dipentaerythrityl Tri-Polyhydroxystearate;Lauryl Peg-9 Polydimethylsiloxyethyl Dimethicone;Dimethicone;Glyceryl Stearate;Laurdimonium Hydroxypropyl Hydrolyzed Soy Protein;Rosmarinus Officinalis (Rosemary) Extract;Perilla Ocymoides Leaf Extract;Plankton Extract;Caffeine;Potassium Cetyl Phosphate;Sucrose;Styrene/Acrylates Copolymer;C30-38 Olefin/Isopropyl Maleate/Ma Copolymer;Cetyl Alcohol;Vp/Eicosene Copolymer;Ethylhexylglycerin;Ammonium Acryloyldimethyltaurate/Vp Copolymer;Peg-8 Laurate;Sodium Rna;Lecithin;Propyl Gallate;Arginine Ferulate;Tocopheryl Acetate;Caprylyl Glycol;Ascorbyl Tocopheryl Maleate;Stearic Acid;Xanthan Gum;Hexylene Glycol;Nordihydroguaiaretic Acid;Disodium Edta;Phenoxyethanol;Mica;Sodium Dehydroacetate Rds Product Name: Spf50 Body Cream Division: Cl (Clinique)Water;Benzophenone-3 (Oxybenzone);Ethylhexyl Salicylate;Methyl Trimethicone;Homosalate;Butylene Glycol;Butyloctyl Salicylate;Neopentyl Glycol Diheptanoate;Butyl Methoxydibenzoylmethane;Butyrospermum Parkii (Shea Butter);Octocrylene;Peg-100 Stearate;Silica;Dipentaerythrityl Tri-Polyhydroxystearate;Lauryl Peg-9 Polydimethylsiloxyethyl Dimethicone;Dimethicone;Glyceryl Stearate;Laurdimonium Hydroxypropyl Hydrolyzed Soy Protein;Rosmarinus Officinalis (Rosemary) Extract;Perilla Ocymoides Leaf Extract;Caffeine;Potassium Cetyl Phosphate;Sucrose;Styrene/Acrylates Copolymer;C30-38 Olefin/Isopropyl Maleate/Ma Copolymer;Cetyl Alcohol;Vp/Eicosene Copolymer;Ethylhexylglycerin;Ammonium Acryloyldimethyltaurate/Vp Copolymer;Peg-8 Laurate;Sodium Rna;Lecithin;Propyl Gallate;Arginine Ferulate;Tocopheryl Acetate;Caprylyl Glycol;Ascorbyl Tocopheryl Maleate;Stearic Acid;Xanthan Gum;Hexylene Glycol;Nordihydroguaiaretic Acid;Disodium Edta;Phenoxyethanol;Mica;Sodium Dehydroacetate,,,,,,,,,,cleanser,nan
Cleanser,CAUDALIE,Micellar Cleansing Water,14,4.0,"Water, Glycerin*, Poloxamer 188, Vitis Vinifera (Grape) Fruit Water*, Heptyl Glucoside*, Capryl/Capramidopropyl Betaine, Sodium Levulinate*, Sodium Anisate*, Sodium Chloride, Fragrance, Chamomilla Recutita (Matricaria) Flower Extract*, Citric Acid*, Vitis Vinifera (Grape) Juice*, Sodium Benzoate, Potassium Sorbate (067/178) *Plant Origin.",1,1,1,1,1,micellar_cleansing_water,caudalie,cleanser,caudalie_micellar_cleansing_water,,,,,,,,,,"Glycerin*;Poloxamer 188;Vitis Vinifera (Grape) Fruit Water*;Heptyl Glucoside*;Capryl/Capramidopropyl Betaine;Sodium Levulinate*;Sodium Anisate*;Sodium Chloride;Fragrance;Chamomilla Recutita (Matricaria) Flower Extract*;Citric Acid*;Vitis Vinifera (Grape) Juice*;Sodium Benzoate;Potassium Sorbate (067/178) *Plant Origin,",,,,,,,,,,cleanser,nan
Cleanser,DRUNK ELEPHANT,JuJu Bar,28,4.6,"Sodium Coco-Sulfate, Disodium Lauryl Sulfosuccinate, Triticum Vulgare (Wheat) Starch, Cetearyl Alcohol, Bambusa Vulgaris Leaf/Stem Extract, Paraffin, Sclerocarya Birrea Seed Oil, Water, Heilmoor Clay, Titanium Dioxide (CI 77891), Helianthus Annuus (Sunflower) Seed Oil, Euterpe Oleracea Fruit Extract, Lycium Barbarum Fruit Extract.",1,1,1,1,0,juju_bar,drunk_elephant,cleanser,drunk_elephant_juju_bar,,,,,,,,,,"Sodium Coco-Sulfate;Disodium Lauryl Sulfosuccinate;Triticum Vulgare (Wheat) Starch;Cetearyl Alcohol;Bambusa Vulgaris Leaf/Stem Extract;Paraffin;Sclerocarya Birrea Seed Oil;Heilmoor Clay;Titanium Dioxide (CI 77891);Helianthus Annuus (Sunflower) Seed Oil;Euterpe Oleracea Fruit Extract;Lycium Barbarum Fruit Extract,",,,,,,,,,,cleanser,nan
Cleanser,ORIGINS,GinZing™ Refreshing Scrub Cleanser,20,4.5,"Water, Cocamidopropyl Hydroxysultaine, Coco-Betaine, Sodium Lauroyl Oat Amino Acids, Decyl Glucoside, Sodium Cocoyl Sarcosinate, Acrylates Copolymer, Copernicia Cerifera (Carnauba) Wax\Cera Carnauba\Cire De Carnauba, Jojoba Esters, Sodium Chloride, Polysorbate 20, Disodium Cocoyl Glutamate, Citrus Limon (Lemon) Peel Oil*, Citrus Grandis (Grapefruit) Peel Oil*, Mentha Viridis (Spearmint) Leaf Oil*, Panax Ginseng (Ginseng) Root Extract, Caffeine, Garcinia Mangostana Peel Extract, Cordyceps Sinensis Extract, Butylene Glycol, Ethylhexylglycerin, Glycerin, Aloe Barbadensis Leaf Juice, Sodium Cocoyl Glutamate, Monosodium Citrate, Citric Acid, Sodium Hydroxide, Disodium Edta, Methylchloroisothiazolinone, Methylisothiazolinone, Phenoxyethanol. *Essential Oil.",1,1,1,1,1,ginzing_refreshing_scrub_cleanser,origins,cleanser,origins_ginzing_refreshing_scrub_cleanser,,,,,,,,,,"Cocamidopropyl Hydroxysultaine;Coco-Betaine;Sodium Lauroyl Oat Amino Acids;Decyl Glucoside;Sodium Cocoyl Sarcosinate;Acrylates Copolymer;Copernicia Cerifera (Carnauba) Wax\Cera Carnauba\Cire De Carnauba;Jojoba Esters;Sodium Chloride;Polysorbate 20;Disodium Cocoyl Glutamate;Citrus Limon (Lemon) Peel Oil*;Citrus Grandis (Grapefruit) Peel Oil*;Mentha Viridis (Spearmint) Leaf Oil*;Panax Ginseng (Ginseng) Root Extract;Caffeine;Garcinia Mangostana Peel Extract;Cordyceps Sinensis Extract;Butylene Glycol;Ethylhexylglycerin;Glycerin;Aloe Barbadensis Leaf Juice;Sodium Cocoyl Glutamate;Monosodium Citrate;Citric Acid;Sodium Hydroxide;Disodium Edta;Methylchloroisothiazolinone;Methylisothiazolinone;Phenoxyethanol, *Essential Oil,",,,,,,,,,,cleanser,nan
Cleanser,OLEHENRIKSEN,Pore-Balance™ Facial Sauna Scrub,28,4.6,"PEG-400, Kaolin, Zeolite, Volcanic Sand, Glyceryl Stearate, Butylene Glycol, Cetearyl Alcohol, Water, Glycerin, Cetearyl Glucoside, Phenoxyethanol, Glycolic Acid, Lactic Acid, Melia Azadirachta Seed Oil, Linoleic Acid, Caprylyl Glycol, Eucalyptus Globululs Leaf Oil, Mentha Piperita (Peppermint) Oil, Enantia Chlorantha Bark Extract, Chondrus Crispus (Carrageenan) Extract, Camellia Sinensis Leaf Extract, Linolenic Acid, Hexylene Glycol, Ethylhexylglycerin, Decyl Glucoside, Tocopherol, Oleanolic Acid, Limonene.",1,0,0,1,0,pore_balance_facial_sauna_scrub,olehenriksen,cleanser,olehenriksen_pore_balance_facial_sauna_scrub,,,,,,,,,,"PEG-400;Kaolin;Zeolite;Volcanic Sand;Glyceryl Stearate;Butylene Glycol;Cetearyl Alcohol;Glycerin;Cetearyl Glucoside;Phenoxyethanol;Glycolic Acid;Lactic Acid;Melia Azadirachta Seed Oil;Linoleic Acid;Caprylyl Glycol;Eucalyptus Globululs Leaf Oil;Mentha Piperita (Peppermint) Oil;Enantia Chlorantha Bark Extract;Chondrus Crispus (Carrageenan) Extract;Camellia Sinensis Leaf Extract;Linolenic Acid;Hexylene Glycol;Ethylhexylglycerin;Decyl Glucoside;Tocopherol;Oleanolic Acid;Limonene,",,,,,,,,,,cleanser,nan
Cleanser,CLINIQUE,Blackhead Solutions Self-heating Blackhead Extractor,29,3.7,"Magnesium Sulfate, Dimethicone, Isononyl Isononanoate, Isododecane, Polysilicone-11, Phenyl Trimethicone, Hydrogenated Lecithin, Acetyl Glucosamine, Polysorbate 20, Polysorbate 80, Polyethylene, Diatomaceous Earth/Solum Diatomeae/Terre De Diatomées, Triethylhexanoin, Pumice, Bambusa Arundinacea (Bamboo) Stem Extract, Peg-15/Lauryl Dimethicone Crosspolymer, Caprylyl Glycol, Stearyl Glycyrrhetinate, Water, Silica.",1,1,1,1,1,blackhead_solutions_self_heating_blackhead_extractor,clinique,cleanser,clinique_blackhead_solutions_self_heating_blackhead_extractor,0.0,76.0,18725.0,3.3289,0.68,Treatments,42.65,4.38,0.41,"Magnesium Sulfate;Dimethicone;Isononyl Isononanoate;Isododecane;Polysilicone-11;Phenyl Trimethicone;Hydrogenated Lecithin;Acetyl Glucosamine;Polysorbate 20;Polysorbate 80;Polyethylene;Diatomaceous Earth/Solum Diatomeae/Terre De Diatomées;Triethylhexanoin;Pumice;Bambusa Arundinacea (Bamboo) Stem Extract;Peg-15/Lauryl Dimethicone Crosspolymer;Caprylyl Glycol;Stearyl Glycyrrhetinate;Silica,",0.0,76.0,18725.0,3.3289,0.68,Treatments,42.65,4.38,0.41,treatment,High (13k - 26k)
Cleanser,GLOW RECIPE,Blueberry Bounce Gentle Cleanser,34,4.4,"Water, Palm Kernel/Coco Glucoside, Caulerpa Lentillifera (Seaweed) Extract, Sodium Hyaluronate, Vaccinium Angustifolium (Blueberry) Fruit Extract, Vaccinium Angustifolium (Blueberry) Fruit, Glycolic Acid, Lactic Acid, Physalis Peruviana (Groundcherry) Fruit Extract, Rubus Idaeus (Raspberry) Fruit Extract, Arctostaphylos Uva Ursi (Bearberry) Leaf Extract, Morus Nigra (Mulberry) Fruit Extract, Vaccinium Myrtillus (Bilberry) Fruit Extract, Beta-Glucan, Scutellaria Baicalensis (Skullcap) Root Extract, Paeonia Suffruticosa (Peony) Root Extract, Glycyrrhiza Glabra (Licorice) Root Extract, Betaine, Sodium Chloride, Fragrance.",1,1,1,1,1,blueberry_bounce_gentle_cleanser,glow_recipe,cleanser,glow_recipe_blueberry_bounce_gentle_cleanser,,,,,,,,,,"Palm Kernel/Coco Glucoside;Caulerpa Lentillifera (Seaweed) Extract;Sodium Hyaluronate;Vaccinium Angustifolium (Blueberry) Fruit Extract;Vaccinium Angustifolium (Blueberry) Fruit;Glycolic Acid;Lactic Acid;Physalis Peruviana (Groundcherry) Fruit Extract;Rubus Idaeus (Raspberry) Fruit Extract;Arctostaphylos Uva Ursi (Bearberry) Leaf Extract;Morus Nigra (Mulberry) Fruit Extract;Vaccinium Myrtillus (Bilberry) Fruit Extract;Beta-Glucan;Scutellaria Baicalensis (Skullcap) Root Extract;Paeonia Suffruticosa (Peony) Root Extract;Glycyrrhiza Glabra (Licorice) Root Extract;Betaine;Sodium Chloride;Fragrance,",,,,,,,,,,cleanser,nan
Cleanser,CLARINS,Toning Lotion with Camomile,26,4.5,"Water, Sorbitol, Dipropylene Glycol, Oleth-20, Glycerin, Panthenol, Butylene Glycol, Propylene Glycol, Parfum (Fragrance),PEG-8, Alpha-Glucan Oligosaccharide, PEG-32, Lactic Acid, Carbomer, Tilia Cordata Wood Extract, Tocopheryl Acetate, Anthemis Nobilis Flower Extract, Bletia Hycinthina Bulb Extract, Retinyl Palmitate, Helianthus Annuus (Sunflower) Seed Oil, Phenoxyethanol, Methylparaben, Sodium Citrate, Disodium EDTA, BHT, Limonene, Linalool, Geraniol, Citral, Citronellol, CI 19140/Yellow 5.",1,1,1,0,1,toning_lotion_with_camomile,clarins,cleanser,clarins_toning_lotion_with_camomile,,,,,,,,,,"Sorbitol;Dipropylene Glycol;Oleth-20;Glycerin;Panthenol;Butylene Glycol;Propylene Glycol;Parfum (Fragrance);PEG-8;Alpha-Glucan Oligosaccharide;PEG-32;Lactic Acid;Carbomer;Tilia Cordata Wood Extract;Tocopheryl Acetate;Anthemis Nobilis Flower Extract;Bletia Hycinthina Bulb Extract;Retinyl Palmitate;Helianthus Annuus (Sunflower) Seed Oil;Phenoxyethanol;Methylparaben;Sodium Citrate;Disodium EDTA;BHT;Limonene;Linalool;Geraniol;Citral;Citronellol;CI 19140/Yellow 5,",,,,,,,,,,cleanser,nan
Cleanser,LAURA MERCIER,Flawless Skin Face Polish,32,4.7,"Aqua (Water), Polyethylene, Butylene Glycol, Glyercyl Stearate SE, Stearic Acid, Glyceryl Stearate, Helianthus Annuus (Sunflower) Seed Oil, Sodium C12-15 Pareth-15 Sulfonate, Cetyl Alcohol, PEG-2 Cocamide, Cetearyl Alcohol, Triethanolamine, Jojoba Esters, Macadamia Integrifolia Seed Oil, Polyquaternium-39, Sodium Lauryl Sulfate, Phenoxyethanol, Ceteareth-20, Methylparaben, Carbomer, Titanium Dioxide, Parfum (Fragrance), Avena Sativa Kernel Flour (Oat) Kernel Flour, Disodium EDTA, Ethylparaben, Butylparaben, Propylene Glycol, Propylparaben, Isobutylparaben, Rosa Canina Flower Extract, Salvia Officinalis Leaf Extract (Sage) Leaf Extract, Chamomilla Recutita (Matricaria) Flower Extract, Urtica Dioica (Nettle) Extract, Methylisothiazolinone, Methylchloroisothiazolinone, Magnesium Nitrate, Magnesium Chloride, Linalool, Geraniol Alpha-Isomethyl Ionone, Citronellol, Benzyl Benzoate, Benzyl Alcohol, Isoeugenol, Benzyl Salicylate, Limonene, CI 14700 (Red 4), CI 19140 (Yellow 5), CI 15985 (Yellow 6).",0,0,0,0,0,flawless_skin_face_polish,laura_mercier,cleanser,laura_mercier_flawless_skin_face_polish,,,,,,,,,,"Aqua (Water);Polyethylene;Butylene Glycol;Glyercyl Stearate SE;Stearic Acid;Glyceryl Stearate;Helianthus Annuus (Sunflower) Seed Oil;Sodium C12-15 Pareth-15 Sulfonate;Cetyl Alcohol;PEG-2 Cocamide;Cetearyl Alcohol;Triethanolamine;Jojoba Esters;Macadamia Integrifolia Seed Oil;Polyquaternium-39;Sodium Lauryl Sulfate;Phenoxyethanol;Ceteareth-20;Methylparaben;Carbomer;Titanium Dioxide;Parfum (Fragrance);Avena Sativa Kernel Flour (Oat) Kernel Flour;Disodium EDTA;Ethylparaben;Butylparaben;Propylene Glycol;Propylparaben;Isobutylparaben;Rosa Canina Flower Extract;Salvia Officinalis Leaf Extract (Sage) Leaf Extract;Chamomilla Recutita (Matricaria) Flower Extract;Urtica Dioica (Nettle) Extract;Methylisothiazolinone;Methylchloroisothiazolinone;Magnesium Nitrate;Magnesium Chloride;Linalool;Geraniol Alpha-Isomethyl Ionone;Citronellol;Benzyl Benzoate;Benzyl Alcohol;Isoeugenol;Benzyl Salicylate;Limonene;CI 14700 (Red 4);CI 19140 (Yellow 5);CI 15985 (Yellow 6),",,,,,,,,,,cleanser,nan
Cleanser,NEOGEN DERMALOGY,Green Tea Real Fresh Foam Cleanser,19,4.4,"Camellia Sinensis Leaf Water, Camellia Sinensis Leaf, Saponaria Officinalis Leaf Extract , Potassium Cocoyl Glycinate, Glycerin, Methylglucamine, Lauric Acid, Sapindus Trifoliatus Fruit Extract, C12-14 Pareth-12, Myristic Acid, Propylene Glycol, Olive Oil PEG-7 Esters, Cocamidopropyl Betaine, Peg-60 Hydrogenated Castor Oil, Ethylhexylglycerin, Caprylyl Glycol, Tropolone, Citric Acid, Trehalose, Allantoin, Acetyl Glucosamine, Moringa Pterygosperma Seed Extract, Plankton Extract, Vaccinium Myrtillus Fruit/Leaf Extract, Saccharum Officinarum(Sugar Cane) Extract, Acer Saccharum(Sugar Maple) Extract, Citrus Aurantium Dulcis(Orange) Fruit Extract, Citrus Medica Limonum(Lemon) Fruit Extract, Sodium Hyaluronate, Carica Papaya(Papaya) Fruit Water, Gypsophila Paniculata Root Extract, Panthenol, Argania Spinosa Kernel Oil, Niacinamide, Achillea Millefolium Extract, Gentiana Lutea Root Extract, Portulaca Oleracea Extract, Hamamelis Virginiana(Witch Hazel) Extract, Anthemis Nobilis Flower Extract, Tricholoma Matsutake Extract, Cordyceps Sinensis Extract, Citrus Paradisi (Grapefruit) Fruit Extract, Pisum Sativum (Pea) Extract, Glycine Soja (Soybean) Seed Extract, Vitis Vinifera (Grape) Fruit Extract, Saururus Chinensis Leaf/Root Extract , Arnica Montana Flower Extract , Artemisia Absinthium Extract , Broussonetia Kazinoki Bark Extract, Lactobacillus/Aspergillus/Prunus Mume Fruit Ferment Filtrate, Lactobacillus/Punica Granatum Fruit Ferment Extract, Lactobacillus/Soybean Ferment Extract, Lactobacillus/Nelumbo Nucifera Seed Ferment Filtrate, Aristotelia Chilensis Fruit Extract, Ribes Nigrum (Black Currant) Fruit Extract, Chrysanthemum Sibiricum Extract, Psidium Guajava Fruit Extract, Laminaria Japonica Extract, Caulerpa Lentillifera Extract, Hibiscus Esculentus Fruit Extract, Malva Sylvestris(Mallow) Extract, Malt Extract, Passiflora Edulis Fruit Extract, Averrhoa Carambola Fruit Extract, Chenopodium Quinoa Seed Extract, Dioscorea Japonica Root Extract, Forsythia Suspensa Fruit Extract, Laminaria Digitata Extract, Acorus Calamus Root Extract, Lithospermum Erythrorhizon Root Extract, Nelumbo Nucifera Flower Extract, Cucumis Sativus(Cucumber) Fruit Extract, Angelica Gigas Root Extract, Panax Ginseng Root Extract, Cornus Officinalis Fruit Extract, Schizandra Chinensis Fruit Extract, Asparagus Cochinchinensis Root Extract, Amber Extract, Pinus Densiflora Extract, Hydrolyzed Coral, Tremella Fuciformis(Mushroom) Extract, Sarcodon Aspratus Extract, Ledebouriella Seseloides Root Extract, Lepidium Meyenii Root Extract, Paeonia Lactiflora Root Extract, Citrus Junos Fruit Extract, Chaenomeles Sinensis Fruit Extract, Oryza Sativa(Rice) Bran Extract, Citrus Aurantium Dulcis(Orange) Flower Extract, Hippophae Rhamnoides Extract, Garcinia Mangostana Peel Extract, Magnolia Liliflora Flower Extract, Angelica Dahurica Root Extract, Angelica Archangelica Root Extract, Uncaria Tomentosa Extract, Lilium Tigrinum Extract, Laurus Nobilis Leaf Extract, Musa Sapientum(Banana) Fruit Extract, Cnidium Officinale Root Extract, Atractyloides Japonica Rhizome Extract, Salicornia Herbacea Extract, Mangifera Indica (Mango) Fruit Extract, Aloe Barbadensis Leaf Extract, Opuntia Ficus-Indica Extract, Swiftlet Nest Extract, Cocos Nucifera(Coconut) Fruit Extract, Honey Extract, Linum Usitatissimum(Linseed) Seed Extract, Agaricus Blazei Extract, Plumeria Rubra Flower Extract, Melissa Officinalis Leaf Extract, Cymbopogon Citratus Extract, Citrus Unshiu Peel Extract, Disodium EDTA, Carthamus Tinctorius (Safflower) Flower Extract, Gardenia Florida Fruit Extract, Fragrance.",1,1,1,1,1,green_tea_real_fresh_foam_cleanser,neogen_dermalogy,cleanser,neogen_dermalogy_green_tea_real_fresh_foam_cleanser,,,,,,,,,,"Camellia Sinensis Leaf Water;Camellia Sinensis Leaf;Saponaria Officinalis Leaf Extract;Potassium Cocoyl Glycinate;Glycerin;Methylglucamine;Lauric Acid;Sapindus Trifoliatus Fruit Extract;C12-14 Pareth-12;Myristic Acid;Propylene Glycol;Olive Oil PEG-7 Esters;Cocamidopropyl Betaine;Peg-60 Hydrogenated Castor Oil;Ethylhexylglycerin;Caprylyl Glycol;Tropolone;Citric Acid;Trehalose;Allantoin;Acetyl Glucosamine;Moringa Pterygosperma Seed Extract;Plankton Extract;Vaccinium Myrtillus Fruit/Leaf Extract;Saccharum Officinarum(Sugar Cane) Extract;Acer Saccharum(Sugar Maple) Extract;Citrus Aurantium Dulcis(Orange) Fruit Extract;Citrus Medica Limonum(Lemon) Fruit Extract;Sodium Hyaluronate;Carica Papaya(Papaya) Fruit Water;Gypsophila Paniculata Root Extract;Panthenol;Argania Spinosa Kernel Oil;Niacinamide;Achillea Millefolium Extract;Gentiana Lutea Root Extract;Portulaca Oleracea Extract;Hamamelis Virginiana(Witch Hazel) Extract;Anthemis Nobilis Flower Extract;Tricholoma Matsutake Extract;Cordyceps Sinensis Extract;Citrus Paradisi (Grapefruit) Fruit Extract;Pisum Sativum (Pea) Extract;Glycine Soja (Soybean) Seed Extract;Vitis Vinifera (Grape) Fruit Extract;Saururus Chinensis Leaf/Root Extract;Arnica Montana Flower Extract;Artemisia Absinthium Extract;Broussonetia Kazinoki Bark Extract;Lactobacillus/Aspergillus/Prunus Mume Fruit Ferment Filtrate;Lactobacillus/Punica Granatum Fruit Ferment Extract;Lactobacillus/Soybean Ferment Extract;Lactobacillus/Nelumbo Nucifera Seed Ferment Filtrate;Aristotelia Chilensis Fruit Extract;Ribes Nigrum (Black Currant) Fruit Extract;Chrysanthemum Sibiricum Extract;Psidium Guajava Fruit Extract;Laminaria Japonica Extract;Caulerpa Lentillifera Extract;Hibiscus Esculentus Fruit Extract;Malva Sylvestris(Mallow) Extract;Malt Extract;Passiflora Edulis Fruit Extract;Averrhoa Carambola Fruit Extract;Chenopodium Quinoa Seed Extract;Dioscorea Japonica Root Extract;Forsythia Suspensa Fruit Extract;Laminaria Digitata Extract;Acorus Calamus Root Extract;Lithospermum Erythrorhizon Root Extract;Nelumbo Nucifera Flower Extract;Cucumis Sativus(Cucumber) Fruit Extract;Angelica Gigas Root Extract;Panax Ginseng Root Extract;Cornus Officinalis Fruit Extract;Schizandra Chinensis Fruit Extract;Asparagus Cochinchinensis Root Extract;Amber Extract;Pinus Densiflora Extract;Hydrolyzed Coral;Tremella Fuciformis(Mushroom) Extract;Sarcodon Aspratus Extract;Ledebouriella Seseloides Root Extract;Lepidium Meyenii Root Extract;Paeonia Lactiflora Root Extract;Citrus Junos Fruit Extract;Chaenomeles Sinensis Fruit Extract;Oryza Sativa(Rice) Bran Extract;Citrus Aurantium Dulcis(Orange) Flower Extract;Hippophae Rhamnoides Extract;Garcinia Mangostana Peel Extract;Magnolia Liliflora Flower Extract;Angelica Dahurica Root Extract;Angelica Archangelica Root Extract;Uncaria Tomentosa Extract;Lilium Tigrinum Extract;Laurus Nobilis Leaf Extract;Musa Sapientum(Banana) Fruit Extract;Cnidium Officinale Root Extract;Atractyloides Japonica Rhizome Extract;Salicornia Herbacea Extract;Mangifera Indica (Mango) Fruit Extract;Aloe Barbadensis Leaf Extract;Opuntia Ficus-Indica Extract;Swiftlet Nest Extract;Cocos Nucifera(Coconut) Fruit Extract;Honey Extract;Linum Usitatissimum(Linseed) Seed Extract;Agaricus Blazei Extract;Plumeria Rubra Flower Extract;Melissa Officinalis Leaf Extract;Cymbopogon Citratus Extract;Citrus Unshiu Peel Extract;Disodium EDTA;Carthamus Tinctorius (Safflower) Flower Extract;Gardenia Florida Fruit Extract;Fragrance,",,,,,,,,,,cleanser,nan
Cleanser,GLAMGLOW,FLASHMUD™ Brightening Treatment,59,4.1,"Water, Silica, Kaolin, Cetyl Alcohol, C12-15 Alkyl Benzoate, Butylene Glycol, Niacinamide, Acetyl Glucosamine, Polymethylsilsesquioxane, Pumice, Glyceryl Stearate, Peg-100 Stearate, Pentylene Glycol, Diamond Powder, Rosmarinus Officinalis (Rosemary) Leaf Extract, Betula Alba Leaf Extract, Lactic Acid, Paeonia Suffruticosa (Peony) Root Extract, Tetrahexyldecyl Ascorbate, Betula Pendula Wood Powder, Salicylic Acid, Lilium Candidum (White Lily) Bulb Extract, Glycerin, Ribes Nigrum (Blackcurrent) Seed Oil, Solidago Virgaurea (Goldenrod) Extract, Octyldodecyl Oleate, Ethylhexylglycerin, Rosa Canina Flower Extract, Octyldodecanol, Camellia Sinensis Leaf Extract, Allantoin, Jasminum Officinale (Jasmine) Flower Extract, Tocopheryl Acetate, Octyldodecyl Stearoyl Stearate, Magnesium Aluminum Silicate, Xanthan Gum, Fragrance, Benzyl Alcohol, Alpha-Isomethyl Ionone, Benzyl Benzoate, Linalool, Amyl Cinnamal, Hexyl Cinnamal, Benzyl Salicylate, Limonene, Geraniol, Disodium Edta, Potassium Sorbate, Phenoxyethanol, Titanium Dioxide (Ci 77891)",1,1,1,1,0,flashmud_brightening_treatment,glamglow,cleanser,glamglow_flashmud_brightening_treatment,,,,,,,,,,Silica;Kaolin;Cetyl Alcohol;C12-15 Alkyl Benzoate;Butylene Glycol;Niacinamide;Acetyl Glucosamine;Polymethylsilsesquioxane;Pumice;Glyceryl Stearate;Peg-100 Stearate;Pentylene Glycol;Diamond Powder;Rosmarinus Officinalis (Rosemary) Leaf Extract;Betula Alba Leaf Extract;Lactic Acid;Paeonia Suffruticosa (Peony) Root Extract;Tetrahexyldecyl Ascorbate;Betula Pendula Wood Powder;Salicylic Acid;Lilium Candidum (White Lily) Bulb Extract;Glycerin;Ribes Nigrum (Blackcurrent) Seed Oil;Solidago Virgaurea (Goldenrod) Extract;Octyldodecyl Oleate;Ethylhexylglycerin;Rosa Canina Flower Extract;Octyldodecanol;Camellia Sinensis Leaf Extract;Allantoin;Jasminum Officinale (Jasmine) Flower Extract;Tocopheryl Acetate;Octyldodecyl Stearoyl Stearate;Magnesium Aluminum Silicate;Xanthan Gum;Fragrance;Benzyl Alcohol;Alpha-Isomethyl Ionone;Benzyl Benzoate;Linalool;Amyl Cinnamal;Hexyl Cinnamal;Benzyl Salicylate;Limonene;Geraniol;Disodium Edta;Potassium Sorbate;Phenoxyethanol;Titanium Dioxide (Ci 77891),0.0,607.0,60074.0,4.1021,1.7,,34.71,0.68,1.01,cleanser,nan
Cleanser,MURAD,Time Release Acne Cleanser,38,4.4,"Water, Disodium Cocoamphodiacetate, Glycerin, Cetyl Alcohol, Cocamidopropyl Betaine, Cetearyl Alcohol, Sodium Cocoyl Isethionate, PEG-100 Stearate, Glyceryl Stearate, Butylene Glycol, Sodium Hyaluronate, Tocopheryl Acetate, Caprylic/Capric Triglyceride, Retinol, Salix Alba (Willow) Bark Extract, Ascorbic Acid, Chitosan, Silver Citrate, Sodium PCA, Betaine, Sorbitol, Glycine, Alanine, Proline, Serine, Threonine, Arginine, Lysine, Glutamic Acid, Zinc Gluconate, Argania Spinosa Kernel Extract, Serenoa Serrulata Fruit Extract, Sesamum Indicum (Sesame) Seed Extract, Cimicifuga Racemosa Root Extract, Melaleuca Alternifolia (Tea Tree) Leaf Oil, Cocamidopropyl Dimethylamine, Zea Mays (Corn) Starch, Hydrolyzed Corn Starch, Hydrolyzed Corn Starch Octenylsuccinate, Citric Acid, Disodium EDTA, Propyl Gallate, Polysorbate 80, Menthol, Cetearyl Glucoside, Glycol Distearate, Steareth-4, PEG-150 Distearate, Hydroxyethylcellulose, Polyacrylate-13, Polyisobutene, Polysorbate 20, Trisodium Ethylenediamine Disuccinate, Phenoxyethanol, Caprylyl Glycol, Chlorphenesin, Fragrance.",1,1,1,1,1,time_release_acne_cleanser,murad,cleanser,murad_time_release_acne_cleanser,0.0,770.0,24966.0,4.3636,6.75,Treatments,5.78,0.57,3.08,"Disodium Cocoamphodiacetate;Glycerin;Cetyl Alcohol;Cocamidopropyl Betaine;Cetearyl Alcohol;Sodium Cocoyl Isethionate;PEG-100 Stearate;Glyceryl Stearate;Butylene Glycol;Sodium Hyaluronate;Tocopheryl Acetate;Caprylic/Capric Triglyceride;Retinol;Salix Alba (Willow) Bark Extract;Ascorbic Acid;Chitosan;Silver Citrate;Sodium PCA;Betaine;Sorbitol;Glycine;Alanine;Proline;Serine;Threonine;Arginine;Lysine;Glutamic Acid;Zinc Gluconate;Argania Spinosa Kernel Extract;Serenoa Serrulata Fruit Extract;Sesamum Indicum (Sesame) Seed Extract;Cimicifuga Racemosa Root Extract;Melaleuca Alternifolia (Tea Tree) Leaf Oil;Cocamidopropyl Dimethylamine;Zea Mays (Corn) Starch;Hydrolyzed Corn Starch;Hydrolyzed Corn Starch Octenylsuccinate;Citric Acid;Disodium EDTA;Propyl Gallate;Polysorbate 80;Menthol;Cetearyl Glucoside;Glycol Distearate;Steareth-4;PEG-150 Distearate;Hydroxyethylcellulose;Polyacrylate-13;Polyisobutene;Polysorbate 20;Trisodium Ethylenediamine Disuccinate;Phenoxyethanol;Caprylyl Glycol;Chlorphenesin;Fragrance,",0.0,770.0,24966.0,4.3636,6.75,Treatments,5.78,0.57,3.08,cleanser,High (13k - 26k)
Cleanser,INDIE LEE,CoQ-10 Toner,32,4.4,"Water, Aloe Barbadensis, Ubiquinone (Coenzyme Q10), Hyaluronic Acid, Anthemis Nobilis (Chamomile), Salvia Officinalis (Sage), Carica Papaya Leaf Extract, Cucums Sativus (Cucumber) Extract, Citrus Aurantium Flower Oil, Propanediol, Ethylhexylglycerin, Potassium Sorbate.",1,1,1,1,1,coq_10_toner,indie_lee,cleanser,indie_lee_coq_10_toner,,,,,,,,,,"Aloe Barbadensis;Ubiquinone (Coenzyme Q10);Hyaluronic Acid;Anthemis Nobilis (Chamomile);Salvia Officinalis (Sage);Carica Papaya Leaf Extract;Cucums Sativus (Cucumber) Extract;Citrus Aurantium Flower Oil;Propanediol;Ethylhexylglycerin;Potassium Sorbate,",,,,,,,,,,cleanser,nan
Cleanser,JACK BLACK,Pure Clean Daily Facial Cleanser,19,4.6,"Water (Aqua), Sodium C14-16 Olefin Sulfonate, Disodium Cocoamphodiacetate, Aloe Barbadensis Leaf Juice*, Cocamidopropyl Betaine, Sodium Lauroyl Oat Amino Acids, Glycol Distearate, PEG-150 Distearate, Hamamelis Virginiana (Witch Hazel) Extract, Glycerin, Lavandula Angustifolia (Lavender) Extract*, Salvia Officinalis (Sage) Leaf Extract*, Chamomile Recutita (Matricaria) Flower Oil, Rosmarinus Officinalis (Rosemary) Leaf Oil, Salvia Officinalis (Sage) Leaf Oil, Backhousia Citriodora Oil, PEG 8-Dimethicone, Sodium Chloride, Sodium PCA, Cetyl Alcohol, Citric Acid, Benzyl Alcohol, Dehydroacetic Acid. * Certified Organic.",0,0,0,0,0,pure_clean_daily_facial_cleanser,jack_black,cleanser,jack_black_pure_clean_daily_facial_cleanser,,,,,,,,,,"Water (Aqua);Sodium C14-16 Olefin Sulfonate;Disodium Cocoamphodiacetate;Aloe Barbadensis Leaf Juice*;Cocamidopropyl Betaine;Sodium Lauroyl Oat Amino Acids;Glycol Distearate;PEG-150 Distearate;Hamamelis Virginiana (Witch Hazel) Extract;Glycerin;Lavandula Angustifolia (Lavender) Extract*;Salvia Officinalis (Sage) Leaf Extract*;Chamomile Recutita (Matricaria) Flower Oil;Rosmarinus Officinalis (Rosemary) Leaf Oil;Salvia Officinalis (Sage) Leaf Oil;Backhousia Citriodora Oil;PEG 8-Dimethicone;Sodium Chloride;Sodium PCA;Cetyl Alcohol;Citric Acid;Benzyl Alcohol;Dehydroacetic Acid, * Certified Organic,",,,,,,,,,,cleanser,nan
Cleanser,CLINIQUE,Acne Solutions Clarifying Lotion,17,4.4,"Water , Alcohol Denat. , Nylon-12 , Butylene Glycol , Hamamelis Virginiana (Witch Hazel) , Laminaria Saccharina Extract , Caffeine , Sucrose , Glycerin , Acetyl Glucosamine , Sorbitol , Sea Whip Extract , Barium Sulfate , 10-Hydroxydecanoic Acid , Silica , Disodium Edta , Benzalkonium Chloride",1,1,1,1,0,acne_solutions_clarifying_lotion,clinique,cleanser,clinique_acne_solutions_clarifying_lotion,0.0,891.0,25815.0,4.44,6.7,Treatments,2.54,0.5,3.45,"Alcohol Denat,;Nylon-12;Butylene Glycol;Hamamelis Virginiana (Witch Hazel);Laminaria Saccharina Extract;Caffeine;Sucrose;Glycerin;Acetyl Glucosamine;Sorbitol;Sea Whip Extract;Barium Sulfate;10-Hydroxydecanoic Acid;Silica;Disodium Edta;Benzalkonium Chloride",0.0,891.0,25815.0,4.44,6.7,Treatments,2.54,0.5,3.45,treatment,High (13k - 26k)
Cleanser,KIEHL'S SINCE 1851,Rare Earth Deep Pore Daily Cleanser,23,4.6,"Water, Kaolin, Glycerin, Alcohol Denat., Sodium Cocoyl Glycinate, Coco-Betaine, Acrylates Copolymer, Sodium Chloride, Ci 77891, Titanium Dioxide, Solum Diatomeae, Diatomaceous Earth, Phenoxyethanol, Peg-14m, Glycol Distearate, Sodium Benzoate, Aloe Barbadensis, Aloe Barbadensis Leaf Juice, Salicylic Acid, Avena Sativa Flour, Oat Kernel Flour, Tocopherol, Sodium Hydroxide, Allantoin.",1,0,1,1,1,rare_earth_deep_pore_daily_cleanser,kiehl's_since_1851,cleanser,kiehl's_since_1851_rare_earth_deep_pore_daily_cleanser,,,,,,,,,,"Kaolin;Glycerin;Alcohol Denat,;Sodium Cocoyl Glycinate;Coco-Betaine;Acrylates Copolymer;Sodium Chloride;Ci 77891;Titanium Dioxide;Solum Diatomeae;Diatomaceous Earth;Phenoxyethanol;Peg-14m;Glycol Distearate;Sodium Benzoate;Aloe Barbadensis;Aloe Barbadensis Leaf Juice;Salicylic Acid;Avena Sativa Flour;Oat Kernel Flour;Tocopherol;Sodium Hydroxide;Allantoin,",,,,,,,,,,cleanser,nan
Cleanser,FRESH,Rose Deep Hydration Toner Mini,25,0.0,"Water, Glycerin, Butylene Glycol, Rosa Centifolia Flower, Rosa Damascena Flower Water, Rosa Multiflora Fruit Extract, Angelica Keiskei Extract, Rosa Damascena Flower Oil, Sodium Hyaluronate, PEG-150, PPG-26-Buteth-26, PEG-40 Hydroge- nated Castor Oil, Sodium Citrate, Xanthan Gum, Citric Acid, BHT, Parfum (Fragrance), Phenoxyethanol, Citronellol, Geraniol.",0,0,0,0,0,rose_deep_hydration_toner_mini,fresh,cleanser,fresh_rose_deep_hydration_toner_mini,,,,,,,,,,"Glycerin;Butylene Glycol;Rosa Centifolia Flower;Rosa Damascena Flower Water;Rosa Multiflora Fruit Extract;Angelica Keiskei Extract;Rosa Damascena Flower Oil;Sodium Hyaluronate;PEG-150;PPG-26-Buteth-26;PEG-40 Hydroge- nated Castor Oil;Sodium Citrate;Xanthan Gum;Citric Acid;BHT;Parfum (Fragrance);Phenoxyethanol;Citronellol;Geraniol,",,,,,,,,,,cleanser,nan
Cleanser,CLINIQUE,Clarifying Lotion 3,16,4.4,"Water , Alcohol Denat. , Salicylic Acid , Hamamelis Virginiana (Witch Hazel) , Butylene Glycol , Glycerin , Trehalose , Sodium Hyaluronate , Citric Acid , Sodium Hydroxide , Disodium Edta , Bht , Phenoxyethanol , Benzophenone-4 , Ext. Violet 2 (Ci 60730) , Red 6 (Ci 15850) , Orange 4 (Ci 15510)",0,0,0,0,0,clarifying_lotion_3,clinique,cleanser,clinique_clarifying_lotion_3,,,,,,,,,,"Alcohol Denat,;Salicylic Acid;Hamamelis Virginiana (Witch Hazel);Butylene Glycol;Glycerin;Trehalose;Sodium Hyaluronate;Citric Acid;Sodium Hydroxide;Disodium Edta;Bht;Phenoxyethanol;Benzophenone-4;Ext, Violet 2 (Ci 60730);Red 6 (Ci 15850);Orange 4 (Ci 15510)",,,,,,,,,,cleanser,nan
Cleanser,IT COSMETICS,Confidence in a Cleanser™ Skin-Transforming Hydrating Cleansing Serum,28,4.7,"Water, Disodium Cocoamphodiacetate, Glycerin, Acrylates Copolymer, Sodium Chloride, 1,2-Hexanediol, PEG-7 Glyceryl Cocoate, Arginine Cocoate, Cocamidopropyl Betaine, PEG-120 Methyl Glucose Dioleate, Styrene/Acrylates Copolymer, Potassium Cocoyl Glycinate, Coco-Glucoside, Citric Acid, Hexylene Glycol, Portulaca Oleracea Extract, Limnanthes Alba (Meadowfoam) Seed Oil, Allantoin, Xanthan Gum, Cymbopogon Martini Oil, Pelargonium Graveolens Flower Oil, Citrus Paradisi (Grapefruit) Peel Oil, Lavandula Angustifolia (Lavender) Oil, Citrus Sinensis Peel Oil Expressed, Butylene Glycol, Hydrolyzed Collagen, Ethylhexylglycerin, Niacinamide, Camellia Sinensis Leaf Extract, Tocopheryl Acetate, Ascorbyl Tetraisopalmitate, Glycyrrhiza Glabra (Licorice) Root Extract, Chamomilla Recutita (Matricaria) Flower Water, Colloidal Oatmeal, Leuconostoc/Radish Root Ferment Filtrate, Aloe Barbadensis Leaf Extract, Curcuma Longa (Turmeric) Root Extract, Melaleuca Alternifolia (Tea Tree) Leaf Oil, Glyceryl Stearate, Palmitic Acid, Stearic Acid, Phytosteryl/Isostearyl/Cetyl/Stearyl/Behenyl Dimer Dilinoleate, Hydrogenated Polydecene, Ceramide Np, Butyrospermum Parkii (Shea) Butter, Ceteareth-20, Glyceryl Citrate/Lactate/Linoleate/Oleate, Hydroxypropyl Bispalmitamide Mea, Glycosphingolipids, Glycine Soja (Soybean) Sterols, Meadowfoam Estolide, Ceramide AP, Ethylhexyl Isonanoate, Squalane, Sodium Hyaluronate, Polysorbate 20, Carbomer, Palmitoyl Pentapeptide-4, Steareth-20, Chrysin, Palmitoyl Tripeptide-1, Palmitoyl Tetrapeptide-7, N-Hydroxysuccinimide, Disodium EDTA, Benzoic Acid, Phenoxyethanol, Potassium Sorbate, Chlorhexidine Digluconate, FD&C Yellow No. 5 (Ci 19140).",1,1,1,1,1,confidence_in_a_cleanser_skin_transforming_hydrating_cleansing_serum,it_cosmetics,cleanser,it_cosmetics_confidence_in_a_cleanser_skin_transforming_hydrating_cleansing_serum,,,,,,,,,,"Disodium Cocoamphodiacetate;Glycerin;Acrylates Copolymer;Sodium Chloride;1,2-Hexanediol;PEG-7 Glyceryl Cocoate;Arginine Cocoate;Cocamidopropyl Betaine;PEG-120 Methyl Glucose Dioleate;Styrene/Acrylates Copolymer;Potassium Cocoyl Glycinate;Coco-Glucoside;Citric Acid;Hexylene Glycol;Portulaca Oleracea Extract;Limnanthes Alba (Meadowfoam) Seed Oil;Allantoin;Xanthan Gum;Cymbopogon Martini Oil;Pelargonium Graveolens Flower Oil;Citrus Paradisi (Grapefruit) Peel Oil;Lavandula Angustifolia (Lavender) Oil;Citrus Sinensis Peel Oil Expressed;Butylene Glycol;Hydrolyzed Collagen;Ethylhexylglycerin;Niacinamide;Camellia Sinensis Leaf Extract;Tocopheryl Acetate;Ascorbyl Tetraisopalmitate;Glycyrrhiza Glabra (Licorice) Root Extract;Chamomilla Recutita (Matricaria) Flower Water;Colloidal Oatmeal;Leuconostoc/Radish Root Ferment Filtrate;Aloe Barbadensis Leaf Extract;Curcuma Longa (Turmeric) Root Extract;Melaleuca Alternifolia (Tea Tree) Leaf Oil;Glyceryl Stearate;Palmitic Acid;Stearic Acid;Phytosteryl/Isostearyl/Cetyl/Stearyl/Behenyl Dimer Dilinoleate;Hydrogenated Polydecene;Ceramide Np;Butyrospermum Parkii (Shea) Butter;Ceteareth-20;Glyceryl Citrate/Lactate/Linoleate/Oleate;Hydroxypropyl Bispalmitamide Mea;Glycosphingolipids;Glycine Soja (Soybean) Sterols;Meadowfoam Estolide;Ceramide AP;Ethylhexyl Isonanoate;Squalane;Sodium Hyaluronate;Polysorbate 20;Carbomer;Palmitoyl Pentapeptide-4;Steareth-20;Chrysin;Palmitoyl Tripeptide-1;Palmitoyl Tetrapeptide-7;N-Hydroxysuccinimide;Disodium EDTA;Benzoic Acid;Phenoxyethanol;Potassium Sorbate;Chlorhexidine Digluconate;FD&C Yellow No, 5 (Ci 19140),",,,,,,,,,,cleanser,nan
Cleanser,CLINIQUE,Rinse-Off Foaming Cleanser,21,4.6,"Water , Potassium Myristate , Glycerin , Potassium Behenate , Sodium Methyl Cocoyl Taurate , Potassium Palmitate , Potassium Laurate , Potassium Sterate , Peg-3 Distearate , Cholesteryl Hydroxystearate , Butylene Glycol , Sodium Hyaluronate , Trisodium Edta , Disodium Edta , Phenoxyethanol , Ext. Violet 2 (Ci 60730) , Red 4 (Ci 14700)",0,0,0,0,0,rinse_off_foaming_cleanser,clinique,cleanser,clinique_rinse_off_foaming_cleanser,,,,,,,,,,"Potassium Myristate;Glycerin;Potassium Behenate;Sodium Methyl Cocoyl Taurate;Potassium Palmitate;Potassium Laurate;Potassium Sterate;Peg-3 Distearate;Cholesteryl Hydroxystearate;Butylene Glycol;Sodium Hyaluronate;Trisodium Edta;Disodium Edta;Phenoxyethanol;Ext, Violet 2 (Ci 60730);Red 4 (Ci 14700)",,,,,,,,,,cleanser,nan
Cleanser,BELIF,Witch Hazel Herbal Extract Toner,28,4.6,"Water, Monarda Didyma Leaf Extract 8%, Glycerin, Alcohol Denat, Butylene Glycol, Salvia Officinalis (Sage) Leaf Extract, Corchorus Olitorius Leaf Extract, Glycerin, 1,2-Hexanediol, Pentaerythirityl Tetraethylhexanoate, Hexyldecyl Ethylhexanoate, Poncirus Trifoliata Fruit Extract, Alcohol Denat, Avena Sativa (Oat) Kernel Extract*, Calendula Officinalis Flower Extract*, Nepeta Cataria Extract*, Rubus Idaeus (Raspberry) Leaf Extract*, Baptisia Tinctoria Root Extract*, Stellaria Media (Chickweed) Extract*, Sodium Hyaluronate, Cyclopentasiloxane, Betaine, Tromethamine, Acrylates/C10-30 Alkyl Acrylate Crosspolymer, Dimethicone, Trisodium EDTA, Fragrance**, Limonene. *Napiers Original Formula. **Fragrances of Natural Origin.",0,0,0,0,0,witch_hazel_herbal_extract_toner,belif,cleanser,belif_witch_hazel_herbal_extract_toner,,,,,,,,,,"Monarda Didyma Leaf Extract 8%;Glycerin;Alcohol Denat;Butylene Glycol;Salvia Officinalis (Sage) Leaf Extract;Corchorus Olitorius Leaf Extract;Glycerin;1,2-Hexanediol;Pentaerythirityl Tetraethylhexanoate;Hexyldecyl Ethylhexanoate;Poncirus Trifoliata Fruit Extract;Alcohol Denat;Avena Sativa (Oat) Kernel Extract*;Calendula Officinalis Flower Extract*;Nepeta Cataria Extract*;Rubus Idaeus (Raspberry) Leaf Extract*;Baptisia Tinctoria Root Extract*;Stellaria Media (Chickweed) Extract*;Sodium Hyaluronate;Cyclopentasiloxane;Betaine;Tromethamine;Acrylates/C10-30 Alkyl Acrylate Crosspolymer;Dimethicone;Trisodium EDTA;Fragrance**;Limonene, *Napiers Original Formula, **Fragrances of Natural Origin,",,,,,,,,,,cleanser,nan
Cleanser,TATA HARPER,Purifying Cleanser,70,4.4,*Ingredients from organic farming. **Clinical grade essential oils blend.,1,1,1,1,1,purifying_cleanser,tata_harper,cleanser,tata_harper_purifying_cleanser,,,,,,,,,,"*Ingredients from organic farming, **Clinical grade essential oils blend,",,,,,,,,,,cleanser,nan
Cleanser,KIEHL'S SINCE 1851,Midnight Recovery Botanical Cleansing Oil,32,4.4,"-Essential Oil Blend and Lavender Essential Oil: Soothe redness and reduce skin blotchiness for a more even, brighter look. -Evening Primrose Oil: Boosts radiance.",1,1,1,1,1,midnight_recovery_botanical_cleansing_oil,kiehl's_since_1851,cleanser,kiehl's_since_1851_midnight_recovery_botanical_cleansing_oil,,,,,,,,,,"-Essential Oil Blend and Lavender Essential Oil: Soothe redness and reduce skin blotchiness for a more even;brighter look, -Evening Primrose Oil: Boosts radiance,",,,,,,,,,,cleanser,nan
Cleanser,KIEHL'S SINCE 1851,Epidermal Re-Texturizing Micro-Dermabrasion,41,5.0,"Water, Alumina, Paraffinum Liquidum/Mineral Oil, Glycerin, Dimethicone, Butyrospermum Parkii/Shea Butter, PEG-100 Stearate, Stearyl Alcohol, Glyceryl Stearate, Solum Diatomeae/Diatomaceous Earth, Ammonium Polyacryloyl-Dimethyl Taurate, Phenoxyethanol, Methylparaben, Butylparaben, Epilobium Angustifolium/Epilobium Angustifolium Extract, Disodium EDTA, Hydrolyzed Algin.",1,1,1,1,0,epidermal_re_texturizing_micro_dermabrasion,kiehl's_since_1851,cleanser,kiehl's_since_1851_epidermal_re_texturizing_micro_dermabrasion,,,,,,,,,,"Alumina;Paraffinum Liquidum/Mineral Oil;Glycerin;Dimethicone;Butyrospermum Parkii/Shea Butter;PEG-100 Stearate;Stearyl Alcohol;Glyceryl Stearate;Solum Diatomeae/Diatomaceous Earth;Ammonium Polyacryloyl-Dimethyl Taurate;Phenoxyethanol;Methylparaben;Butylparaben;Epilobium Angustifolium/Epilobium Angustifolium Extract;Disodium EDTA;Hydrolyzed Algin,",,,,,,,,,,cleanser,nan
Cleanser,DR. DENNIS GROSS SKINCARE,Alpha Beta® Pore Perfecting Cleansing Gel,38,4.6,"Water, Glycerin, Sodium Lauroyl Methyl Isethionate, Propanediol, Sodium Cocoamphoacetate, Cocamidopropyl Hydroxysultaine, Disteareth-75 IPDI, Glycereth-7 Caprylate/Caprate, Sodium Chloride, Trisodium Ethylenediamine Disuccinate, PEG-40 Hydrogenated Castor Oil, Mandelic Acid, Glycolic Acid, Salix Alba (Willow) Bark Extract, Phytic Acid, Potassium Azeloyl Diglycinate, Citric Acid, Farnesol, Barosma Betulina Leaf Extract, Sodium PCA, Sodium Hyaluronate, Tremella Fuciformis (Mushroom) Extract, Aloe Barbadensis Leaf Juice, Bisabolol, Hydrolyzed Soy Protein, Camellia Sinensis Leaf Extract, Butylene Glycol, Caprylic/Capric Triglyceride, Dimethyl Isosorbide, Alcohol, Sodium Phytate, Jasminum Officinale (Jasmine) Flower/Leaf Extract, Vitis Vinifera (Grape) Fruit Extract, Lavandula Angustifolia (Lavender) Flower/Leaf/Stem Extract, Eugenia Caryophyllus (Clove) Flower Extract, Polyglyceryl-3 Laurate, PEG-7 Glyceryl Cocoate, Sodium Hydroxide, Benzoic Acid, Sodium Benzoate, Potassium Sorbate, Phenoxyethanol.",1,1,1,1,1,alpha_beta_pore_perfecting_cleansing_gel,dr._dennis_gross_skincare,cleanser,dr._dennis_gross_skincare_alpha_beta_pore_perfecting_cleansing_gel,,,,,,,,,,"Glycerin;Sodium Lauroyl Methyl Isethionate;Propanediol;Sodium Cocoamphoacetate;Cocamidopropyl Hydroxysultaine;Disteareth-75 IPDI;Glycereth-7 Caprylate/Caprate;Sodium Chloride;Trisodium Ethylenediamine Disuccinate;PEG-40 Hydrogenated Castor Oil;Mandelic Acid;Glycolic Acid;Salix Alba (Willow) Bark Extract;Phytic Acid;Potassium Azeloyl Diglycinate;Citric Acid;Farnesol;Barosma Betulina Leaf Extract;Sodium PCA;Sodium Hyaluronate;Tremella Fuciformis (Mushroom) Extract;Aloe Barbadensis Leaf Juice;Bisabolol;Hydrolyzed Soy Protein;Camellia Sinensis Leaf Extract;Butylene Glycol;Caprylic/Capric Triglyceride;Dimethyl Isosorbide;Alcohol;Sodium Phytate;Jasminum Officinale (Jasmine) Flower/Leaf Extract;Vitis Vinifera (Grape) Fruit Extract;Lavandula Angustifolia (Lavender) Flower/Leaf/Stem Extract;Eugenia Caryophyllus (Clove) Flower Extract;Polyglyceryl-3 Laurate;PEG-7 Glyceryl Cocoate;Sodium Hydroxide;Benzoic Acid;Sodium Benzoate;Potassium Sorbate;Phenoxyethanol,",,,,,,,,,,cleanser,nan
Cleanser,LANEIGE,Essential Power Skin Toner for Normal to Dry Skin,28,4.5,"Water, Glycereth-26, Alcohol, Butylene Glycol, PEG/PPG-17, 6 Copolymer, Glycogen, Glutamic Acid, Lysine HCL, Magnesium Sulfate, Mannitol, Manganese Sulfate, Opuntia Coccinellifera Fruit Extract, Betaglucan, Betaine, Serine, Sucrose, Citrulline, Ascorbyl Glucoside, Alanine, Arginine, Betula Platyphylla Japonica Juice, Zinc Sulfate, Calcium Chloride, Chenopodium Quinoa Seed Extract, Threonine, Panthenol, PCA, Histidine HCL, Glycerin, BIS-PEG-18 Methyl Ether Dimethyl Silane, Ethylhexylglycerin, Xanthan Gum, Phenyl Trimethicone, Propanediol, PEG-60 Hydrogenated Castor Oil, Hydroxyethyl Acrylate, Sodium Acryloyldimethyl Taurate Copolymer, Disodium EDTA, Phenoxyethanol, Fragrance.",1,1,1,0,1,essential_power_skin_toner_for_normal_to_dry_skin,laneige,cleanser,laneige_essential_power_skin_toner_for_normal_to_dry_skin,,,,,,,,,,"Glycereth-26;Alcohol;Butylene Glycol;PEG/PPG-17;6 Copolymer;Glycogen;Glutamic Acid;Lysine HCL;Magnesium Sulfate;Mannitol;Manganese Sulfate;Opuntia Coccinellifera Fruit Extract;Betaglucan;Betaine;Serine;Sucrose;Citrulline;Ascorbyl Glucoside;Alanine;Arginine;Betula Platyphylla Japonica Juice;Zinc Sulfate;Calcium Chloride;Chenopodium Quinoa Seed Extract;Threonine;Panthenol;PCA;Histidine HCL;Glycerin;BIS-PEG-18 Methyl Ether Dimethyl Silane;Ethylhexylglycerin;Xanthan Gum;Phenyl Trimethicone;Propanediol;PEG-60 Hydrogenated Castor Oil;Hydroxyethyl Acrylate;Sodium Acryloyldimethyl Taurate Copolymer;Disodium EDTA;Phenoxyethanol;Fragrance,",,,,,,,,,,cleanser,nan
Cleanser,LANCÔME,Crème Radiance Gentle Cleansing Creamy-Foam Cleanser,26,4.5,"Glycerin, Water, Myristic Acid, Stearic Acid, Potassium Hydroxide, Palmitic Acid, Glyceryl Stearate Se, Lauric Acid, Coco-Glucoside, Glycol Distearate, Fragrance, P-Anisic Acid, Tocopherol, Peg-14m, Nelumbo Nucifera Flower Extract, Limonene, Benzyl Salicylate, Linalool, Benzyl Alcohol, Propylene Glycol, Disodium Edta, Rosa Gallica Extract, Butylphenyl Methylpropional, Cryptomeria Japonica Bud Extract.",0,0,0,0,0,crème_radiance_gentle_cleansing_creamy_foam_cleanser,lancôme,cleanser,lancôme_crème_radiance_gentle_cleansing_creamy_foam_cleanser,,,,,,,,,,"Glycerin;Myristic Acid;Stearic Acid;Potassium Hydroxide;Palmitic Acid;Glyceryl Stearate Se;Lauric Acid;Coco-Glucoside;Glycol Distearate;Fragrance;P-Anisic Acid;Tocopherol;Peg-14m;Nelumbo Nucifera Flower Extract;Limonene;Benzyl Salicylate;Linalool;Benzyl Alcohol;Propylene Glycol;Disodium Edta;Rosa Gallica Extract;Butylphenyl Methylpropional;Cryptomeria Japonica Bud Extract,",,,,,,,,,,cleanser,nan
Cleanser,OLEHENRIKSEN,Truth™ On the Glow Cleansing Cloths,15,4.2,"Water, Gluconolactone, Olea Europaea (Olive) Fruit Oil, Sodium Benzoate, Glycerin, Parfum/Fragrance, Coco-Glucoside, Aroma/Flavor, Dehydroacetic Acid, Tocopheryl Acetate, Citric Acid, Ascorbic Acid, Calcium Gluconate, Elaeis Guineensis Oil, Vitis Vinifera (Grape) Seed Oil, Simmondsia Chinensis (Jojoba) Seed Oil, Squalane, Propylene Glycol, Ribes Nigrum (Black Currant) Seed Oil, Pullulan, Cera Carnauba/Copernicia Cerifera (Carnauba) Wax/Cire De Carnauba, Camellia Sinensis Leaf Extract, Rosa Gallica Flower Extract, Decyl Glucoside, Nannochloropsis Oculata Extract, Pentylene Glycol, Punica Granatum (Pomegranate) Fruit Extract, Potassium Sorbate, Phenoxyethanol, Ubiquinone, Vitis Vinifera (Grape) Seed Extract, Tocopherol, Sorbic Acid, Rosa Damascena Flower Oil, Sodium Sulfite, Trisodium EDTA, Limonene, Benzyl Alcohol, Citral, Linalool.",1,1,1,1,1,truth_on_the_glow_cleansing_cloths,olehenriksen,cleanser,olehenriksen_truth_on_the_glow_cleansing_cloths,,,,,,,,,,"Gluconolactone;Olea Europaea (Olive) Fruit Oil;Sodium Benzoate;Glycerin;Parfum/Fragrance;Coco-Glucoside;Aroma/Flavor;Dehydroacetic Acid;Tocopheryl Acetate;Citric Acid;Ascorbic Acid;Calcium Gluconate;Elaeis Guineensis Oil;Vitis Vinifera (Grape) Seed Oil;Simmondsia Chinensis (Jojoba) Seed Oil;Squalane;Propylene Glycol;Ribes Nigrum (Black Currant) Seed Oil;Pullulan;Cera Carnauba/Copernicia Cerifera (Carnauba) Wax/Cire De Carnauba;Camellia Sinensis Leaf Extract;Rosa Gallica Flower Extract;Decyl Glucoside;Nannochloropsis Oculata Extract;Pentylene Glycol;Punica Granatum (Pomegranate) Fruit Extract;Potassium Sorbate;Phenoxyethanol;Ubiquinone;Vitis Vinifera (Grape) Seed Extract;Tocopherol;Sorbic Acid;Rosa Damascena Flower Oil;Sodium Sulfite;Trisodium EDTA;Limonene;Benzyl Alcohol;Citral;Linalool,",,,,,,,,,,cleanser,nan
Cleanser,CLARINS,One-Step Gentle Exfoliating Cleanser with Orange Extract,38,4.7,"Water, Sodium Laureth Sulfate, Cetearyl Alcohol, Cellulose, Cocamidopropyl Betaine, Lauramide Mipa, Glycol Distearate, Cetearyl Glucoside, Glycerin,- Acrylates/C10-30 Alkyl Acrylate Crosspolymer, Tea-Cocoyl Glutamate, Citrus Aurantium Dulcis (Orange) Fruit Water, Silica, Butyrospermum Parkii (Shea Butter) Fruit, Fragrance (Parfum), Phenoxyisopropanol, Sodium Chloride, Propylene Glycol, Sodium Hydrozide, Benzophenone-2, Butylparaben, Disodium Edta, Methylchloroisothiazolinone, Moringa Pterygosperma Seed Extract, Methylisothiazolinone, Chlorphenesin, Ethylparaben, Methylparaben, BHT, Benzyl Salicylate, Butylphenyl Methylpropional, Limone, Linalool, Geraniol, Yellow 6 (CI 15985).",1,1,1,1,0,one_step_gentle_exfoliating_cleanser_with_orange_extract,clarins,cleanser,clarins_one_step_gentle_exfoliating_cleanser_with_orange_extract,,,,,,,,,,"Sodium Laureth Sulfate;Cetearyl Alcohol;Cellulose;Cocamidopropyl Betaine;Lauramide Mipa;Glycol Distearate;Cetearyl Glucoside;Glycerin;- Acrylates/C10-30 Alkyl Acrylate Crosspolymer;Tea-Cocoyl Glutamate;Citrus Aurantium Dulcis (Orange) Fruit Water;Silica;Butyrospermum Parkii (Shea Butter) Fruit;Fragrance (Parfum);Phenoxyisopropanol;Sodium Chloride;Propylene Glycol;Sodium Hydrozide;Benzophenone-2;Butylparaben;Disodium Edta;Methylchloroisothiazolinone;Moringa Pterygosperma Seed Extract;Methylisothiazolinone;Chlorphenesin;Ethylparaben;Methylparaben;BHT;Benzyl Salicylate;Butylphenyl Methylpropional;Limone;Linalool;Geraniol;Yellow 6 (CI 15985),",,,,,,,,,,cleanser,nan
Cleanser,KOH GEN DO,Cleansing Spa Water Makeup Remover,46,4.5,"Water, Dipropylene Glycol, Peg-7 Glyceryl Cocoate, Methylparaben, Phenoxyethanol, Stearamidopropyl Dimethylamine, Lactic Acid, Arginine, Butylene Glycol, Artemisia Princeps Leaf Extract, Rosmarinus Officinalis (Rosemary) Leaf Extract, Lavandula Angustifolia (Lavender) Extract, Salvia Officinalis (Sage) Leaf Extract, Perilla Ocymoides Leaf Extract, Betula Alba Juice, Zingiber Officinale (Ginger) Root Extract, Glycerin.",0,0,0,0,0,cleansing_spa_water_makeup_remover,koh_gen_do,cleanser,koh_gen_do_cleansing_spa_water_makeup_remover,,,,,,,,,,"Dipropylene Glycol;Peg-7 Glyceryl Cocoate;Methylparaben;Phenoxyethanol;Stearamidopropyl Dimethylamine;Lactic Acid;Arginine;Butylene Glycol;Artemisia Princeps Leaf Extract;Rosmarinus Officinalis (Rosemary) Leaf Extract;Lavandula Angustifolia (Lavender) Extract;Salvia Officinalis (Sage) Leaf Extract;Perilla Ocymoides Leaf Extract;Betula Alba Juice;Zingiber Officinale (Ginger) Root Extract;Glycerin,",,,,,,,,,,cleanser,nan
Cleanser,JACK BLACK,Face Buff Energizing Scrub,18,4.8,Visit the Jack Black boutique,0,0,0,0,0,face_buff_energizing_scrub,jack_black,cleanser,jack_black_face_buff_energizing_scrub,,,,,,,,,,Visit the Jack Black boutique,,,,,,,,,,cleanser,nan
Cleanser,INDIE LEE,Brightening Cleanser,32,4.4,"Water, Decyl Glucoside (Veg. Oils & Sugar), Disodium Coco-Glucoside Citrate, Coco Glucoside (Coconut and Sunflower Oil), Glyceryl Oleate, Hydrolyzed Wheat Protein, Xanthan Gum, Fragaria Chiloensis (Strawberry) Seed Oil, Lycopene (Tomato), Propanediol, Ethylhexylglycerin, Potassium Sorbate.",1,1,1,1,1,brightening_cleanser,indie_lee,cleanser,indie_lee_brightening_cleanser,,,,,,,,,,"Decyl Glucoside (Veg, Oils & Sugar);Disodium Coco-Glucoside Citrate;Coco Glucoside (Coconut and Sunflower Oil);Glyceryl Oleate;Hydrolyzed Wheat Protein;Xanthan Gum;Fragaria Chiloensis (Strawberry) Seed Oil;Lycopene (Tomato);Propanediol;Ethylhexylglycerin;Potassium Sorbate,",,,,,,,,,,cleanser,nan
Cleanser,LA MER,The Cleansing Foam Mini,25,5.0,"Declustered Water (+)/Aqua/Eau De-Structuree (+), Myristic Acid, Glycerin, Behenic Acid, Palmitic Acid, Sodium Methyl Cocoyl Taurate, Potassium Hydroxide, Lauric Acid, Stearic Acid, Algae (Seaweed) Extract, Sesamum Indicum (Sesame) Seed Oil, Medicago Sativa (Alfalfa) Seed Powder, Helianthus Annuus (Sunflower) Seedcake, Prunus Amygdalus Dulcis (Sweet Almond) Seed Meal, Eucalyptus Globulus (Eucalyptus) Leaf Oil, Sodium Gluconate, Copper Gluconate, Calcium Gluconate, Magnesium Gluconate, Zinc Gluconate, Tocopheryl Succinate, Niacin, Sesamum Indicum (Sesame) Seed Powder, Quartz Powder, Nephrite Powder, Pearl Powder, Caffeine, Sea Salt/Maris Sal/Sel Marin, Humic Acids, Sodium Hyaluronate, Sucrose, Tourmaline, Macrocystis Pyrifera (Kelp) Protein, Polyquaternium-51, Aloe Barbadensis Leaf Water, Trehalose, Cellulose, Butylene Glycol, Sodium Coco Pg-Dimonium Chloride Phosphate, Sodium Bicarbonate, Sodium Pca, Peg-3 Distearate, Urea, Fragrance, Disodium Edta, Linalool, Limonene, Phenoxyethanol, Methylchloroisothiazolinone, Methylisothiazolinone, Yellow 5 (Ci 19140), Yellow 6 (Ci 15985), Blue 1 (Ci 42090), Green 5 (Ci 61570)",0,0,0,0,0,the_cleansing_foam_mini,la_mer,cleanser,la_mer_the_cleansing_foam_mini,,,,,,,,,,Declustered Water (+)/Aqua/Eau De-Structuree (+);Myristic Acid;Glycerin;Behenic Acid;Palmitic Acid;Sodium Methyl Cocoyl Taurate;Potassium Hydroxide;Lauric Acid;Stearic Acid;Algae (Seaweed) Extract;Sesamum Indicum (Sesame) Seed Oil;Medicago Sativa (Alfalfa) Seed Powder;Helianthus Annuus (Sunflower) Seedcake;Prunus Amygdalus Dulcis (Sweet Almond) Seed Meal;Eucalyptus Globulus (Eucalyptus) Leaf Oil;Sodium Gluconate;Copper Gluconate;Calcium Gluconate;Magnesium Gluconate;Zinc Gluconate;Tocopheryl Succinate;Niacin;Sesamum Indicum (Sesame) Seed Powder;Quartz Powder;Nephrite Powder;Pearl Powder;Caffeine;Sea Salt/Maris Sal/Sel Marin;Humic Acids;Sodium Hyaluronate;Sucrose;Tourmaline;Macrocystis Pyrifera (Kelp) Protein;Polyquaternium-51;Aloe Barbadensis Leaf Water;Trehalose;Cellulose;Butylene Glycol;Sodium Coco Pg-Dimonium Chloride Phosphate;Sodium Bicarbonate;Sodium Pca;Peg-3 Distearate;Urea;Fragrance;Disodium Edta;Linalool;Limonene;Phenoxyethanol;Methylchloroisothiazolinone;Methylisothiazolinone;Yellow 5 (Ci 19140);Yellow 6 (Ci 15985);Blue 1 (Ci 42090);Green 5 (Ci 61570),,,,,,,,,,cleanser,nan
Cleanser,SEPHORA COLLECTION,Cleansing Wipes - Watermelon - Hydrating,7,4.7,No Info,0,0,0,0,0,cleansing_wipes_watermelon_hydrating,sephora_collection,cleanser,sephora_collection_cleansing_wipes_watermelon_hydrating,,,,,,,,,,No Info,,,,,,,,,,cleanser,nan
Cleanser,CAUDALIE,Deep Cleansing Exfoliator,35,4.6,"Water, Polylactic Acid, Hexyldecyl Stearate, Glycerin, Glyceryl Stearate, Pentaerythrityl Distearate, Arachidyl Alcohol, Polyacrylate Crosspolymer-6, Vitis Vinifera (Grape) Fruit Water, Behenyl Alcohol, Arachidyl Glucoside, Potassium Cetyl Phosphate, Fragrance, Caprylyl Glycol, Tocopherol, Helianthus Annuus (Sunflower) Seed Oil, Potassium Sorbate, Xanthan Gum, Menthol, Sodium Phytate, Vitis Vinifera (Grape) Juice, Vitis Vinifera (Grape) Fruit Extract, Sodium Hydroxide, Citric Acid, Sodium Benzoate, Alcohol, Limonene, Butylphenyl, Methylpropional.",1,1,1,1,1,deep_cleansing_exfoliator,caudalie,cleanser,caudalie_deep_cleansing_exfoliator,,,,,,,,,,"Polylactic Acid;Hexyldecyl Stearate;Glycerin;Glyceryl Stearate;Pentaerythrityl Distearate;Arachidyl Alcohol;Polyacrylate Crosspolymer-6;Vitis Vinifera (Grape) Fruit Water;Behenyl Alcohol;Arachidyl Glucoside;Potassium Cetyl Phosphate;Fragrance;Caprylyl Glycol;Tocopherol;Helianthus Annuus (Sunflower) Seed Oil;Potassium Sorbate;Xanthan Gum;Menthol;Sodium Phytate;Vitis Vinifera (Grape) Juice;Vitis Vinifera (Grape) Fruit Extract;Sodium Hydroxide;Citric Acid;Sodium Benzoate;Alcohol;Limonene;Butylphenyl;Methylpropional,",,,,,,,,,,cleanser,nan
Cleanser,REN CLEAN SKINCARE,Evercalm™ Gentle Cleansing Milk,30,4.3,Visit the REN Clean Skincare boutique,1,1,1,1,1,evercalm_gentle_cleansing_milk,ren_clean_skincare,cleanser,ren_clean_skincare_evercalm_gentle_cleansing_milk,,,,,,,,,,Visit the REN Clean Skincare boutique,,,,,,,,,,cleanser,nan
Cleanser,GLAMGLOW,SUPERCLEANSE™ Clearing Cream-to-Foam Cleanser,32,3.9,"Water, Sodium C14-16 Olefin Sulfonate, Magnesium Aluminum Silicate, Sodium Cocoamphoacetate, Cetearyl Alcohol, Glyceryl Stearate, Glycerin, Charcoal Powder, Propanediol, Kaolin, Carbon, Eucalyptus Globulus Leaf Powder, Mentha Piperita (Peppermint) Oil, Glycyrrhiza Glabra (Licorice) Root Extract, Nigella Sativa Seed Extract, Ethylhexylglycerin, Sodium Chloride, Glyceryl Polyacrylate, Cocamidopropyl Hydroxysultaine, Xanthan Gum, Caprylyl Glycol, Lactic Acid, Glycolic Acid, Fragrance, Linalool, Benzyl Benzoate, Phenoxyethanol, Titanium Dioxide (Ci 77891)",1,0,1,1,0,supercleanse_clearing_cream_to_foam_cleanser,glamglow,cleanser,glamglow_supercleanse_clearing_cream_to_foam_cleanser,,,,,,,,,,Sodium C14-16 Olefin Sulfonate;Magnesium Aluminum Silicate;Sodium Cocoamphoacetate;Cetearyl Alcohol;Glyceryl Stearate;Glycerin;Charcoal Powder;Propanediol;Kaolin;Carbon;Eucalyptus Globulus Leaf Powder;Mentha Piperita (Peppermint) Oil;Glycyrrhiza Glabra (Licorice) Root Extract;Nigella Sativa Seed Extract;Ethylhexylglycerin;Sodium Chloride;Glyceryl Polyacrylate;Cocamidopropyl Hydroxysultaine;Xanthan Gum;Caprylyl Glycol;Lactic Acid;Glycolic Acid;Fragrance;Linalool;Benzyl Benzoate;Phenoxyethanol;Titanium Dioxide (Ci 77891),,,,,,,,,,cleanser,nan
Cleanser,MURAD,Essential-C Cleanser,39,4.5,"Water, Cocamidopropyl Betaine, Disodium Laureth Sulfosuccinate, Glycerin, Butylene Glycol, Aminomethyl Propanol, Polysorbate 20, Acrylates/C10-30 Alkyl Acrylate Crosspolymer, Panthenol, Phospholipids, Tocopheryl Acetate, Retinyl Palmitate, Ascorbyl Palmitate, Ascorbic Acid, Chitosan, Rice Amino Acids, Zinc Aspartate, Allantoin, Sodium PCA, Lactose, Cellulose, Hydroxypropyl Methylcellulose, Propyl Gallate, Disodium EDTA, Phenoxyethanol, Caprylyl Glycol, Chlorphenesin, Limonene, Linalool, Orange Oil, Mandarin Orange Peel Oil, Basil Oil, Grapefruit Peel Oil, Galbanum Resin Oil, Fragrance, Iron Oxides (CI 77492).",0,0,0,0,0,essential_c_cleanser,murad,cleanser,murad_essential_c_cleanser,,,,,,,,,,"Cocamidopropyl Betaine;Disodium Laureth Sulfosuccinate;Glycerin;Butylene Glycol;Aminomethyl Propanol;Polysorbate 20;Acrylates/C10-30 Alkyl Acrylate Crosspolymer;Panthenol;Phospholipids;Tocopheryl Acetate;Retinyl Palmitate;Ascorbyl Palmitate;Ascorbic Acid;Chitosan;Rice Amino Acids;Zinc Aspartate;Allantoin;Sodium PCA;Lactose;Cellulose;Hydroxypropyl Methylcellulose;Propyl Gallate;Disodium EDTA;Phenoxyethanol;Caprylyl Glycol;Chlorphenesin;Limonene;Linalool;Orange Oil;Mandarin Orange Peel Oil;Basil Oil;Grapefruit Peel Oil;Galbanum Resin Oil;Fragrance;Iron Oxides (CI 77492),",,,,,,,,,,cleanser,nan
Cleanser,OLEHENRIKSEN,Face the Truth™ Gel Cleanser,24,4.5,"Water, Decyl Glucoside, Cocamidopropyl Hydroxysultaine, Sodium Lauroyl Sarcosinate, PEG-150 Distearate, Phenoxyethanol, Sodium Chloride, Glycerin, Citric Acid, Disodium Edta, Sorbitol, Parfum/Fragrance, Calcium Ascorbate, Sodium Laurate, Citrus Aurantium Dulcis (Orange) Fruit Extract, Vitis Vinifera (Grape) Seed Oil, Tocopheryl Acetate, Hamamelis Virginiana (Witch Hazel) Water, Annatto (CI 75120), Thioctic Acid, Calcium Carbonate, Calcium Threonate, Ascorbic Acid, Aloe Barbadensis Leaf Juice, Benzoic Acid, Yucca Filamentosa Root Extract, Ulmus Fulva Bark Extract, Sodium Benzoate, Quillaja Saponaria Bark Extract, Potassium Sorbate, Laminaria Digitata Extract, Limonene.",1,1,1,1,1,face_the_truth_gel_cleanser,olehenriksen,cleanser,olehenriksen_face_the_truth_gel_cleanser,,,,,,,,,,"Decyl Glucoside;Cocamidopropyl Hydroxysultaine;Sodium Lauroyl Sarcosinate;PEG-150 Distearate;Phenoxyethanol;Sodium Chloride;Glycerin;Citric Acid;Disodium Edta;Sorbitol;Parfum/Fragrance;Calcium Ascorbate;Sodium Laurate;Citrus Aurantium Dulcis (Orange) Fruit Extract;Vitis Vinifera (Grape) Seed Oil;Tocopheryl Acetate;Hamamelis Virginiana (Witch Hazel) Water;Annatto (CI 75120);Thioctic Acid;Calcium Carbonate;Calcium Threonate;Ascorbic Acid;Aloe Barbadensis Leaf Juice;Benzoic Acid;Yucca Filamentosa Root Extract;Ulmus Fulva Bark Extract;Sodium Benzoate;Quillaja Saponaria Bark Extract;Potassium Sorbate;Laminaria Digitata Extract;Limonene,",,,,,,,,,,cleanser,nan
Cleanser,SEPHORA COLLECTION,Cleansing Wipes - Rose - Moisturizing,7,4.6,No Info,0,0,0,0,0,cleansing_wipes_rose_moisturizing,sephora_collection,cleanser,sephora_collection_cleansing_wipes_rose_moisturizing,,,,,,,,,,No Info,,,,,,,,,,cleanser,nan
Cleanser,LA MER,The Cleansing Gel,95,4.2,"Declustered Water (+)/Aqua/Eau De-Structuree (+), Cocamidopropyl Hydroxysultaine, Sodium Cocoyl Sarcosinate, Coco-Betaine, Sodium Laureth Sulfate, Sodium Chloride, Aloe Barbadensis Leaf Extract, Avena Sativa (Oat) Kernel Extract, Algae (Seaweed) Extract, Sesamum Indicum (Sesame) Seed Oil, Medicago Sativa (Alfalfa) Seed Powder, Helianthus Annuus (Sunflower) Seedcake, Prunus Amygdalus Dulcis (Sweet Almond) Seed Meal, Eucalyptus Globulus (Eucalyptus) Leaf Oil, Sodium Gluconate, Copper Gluconate, Calcium Gluconate, Magnesium Gluconate, Zinc Gluconate, Tocopheryl Succinate, Niacin, Sesamum Indicum (Sesame) Seed Powder, Butylene Glycol, Sucrose, Caprylyl Glycol, Sodium Bicarbonate, Tourmaline, Hexylene Glycol, Fragrance, Edta, Disodium Edta, Methylchloroisothiazolinone, Methylisothiazolinone, Phenoxyethanol, Alpha-Isomethyl Ionone, Geraniol, Butylphenyl Methylpropional, Linalool, Green 5 (Ci 61570), Yellow 5 (Ci 19140)",0,0,0,0,0,the_cleansing_gel,la_mer,cleanser,la_mer_the_cleansing_gel,,,,,,,,,,Declustered Water (+)/Aqua/Eau De-Structuree (+);Cocamidopropyl Hydroxysultaine;Sodium Cocoyl Sarcosinate;Coco-Betaine;Sodium Laureth Sulfate;Sodium Chloride;Aloe Barbadensis Leaf Extract;Avena Sativa (Oat) Kernel Extract;Algae (Seaweed) Extract;Sesamum Indicum (Sesame) Seed Oil;Medicago Sativa (Alfalfa) Seed Powder;Helianthus Annuus (Sunflower) Seedcake;Prunus Amygdalus Dulcis (Sweet Almond) Seed Meal;Eucalyptus Globulus (Eucalyptus) Leaf Oil;Sodium Gluconate;Copper Gluconate;Calcium Gluconate;Magnesium Gluconate;Zinc Gluconate;Tocopheryl Succinate;Niacin;Sesamum Indicum (Sesame) Seed Powder;Butylene Glycol;Sucrose;Caprylyl Glycol;Sodium Bicarbonate;Tourmaline;Hexylene Glycol;Fragrance;Edta;Disodium Edta;Methylchloroisothiazolinone;Methylisothiazolinone;Phenoxyethanol;Alpha-Isomethyl Ionone;Geraniol;Butylphenyl Methylpropional;Linalool;Green 5 (Ci 61570);Yellow 5 (Ci 19140),,,,,,,,,,cleanser,nan
Cleanser,KOH GEN DO,Cleansing Spa Water Cloths,48,4.6,"Water, Dipropylene Glycol, Peg-7 Glyceryl Cocoate, Methylparaben, Phenoxyethanol, Stearamidopropyl Dimethylamine, Lactic Acid, Arginine, Butylene Glycol, Artemisia Princeps Leaf Extract, Rosmarinus Officinalis (Rosemary) Leaf Extract, Lavandula Angustifolia (Lavender) Extract, Salvia Officinalis (Sage) Leaf Extract, Perilla Ocymoides Leaf Extract, Betula Alba Juice, Zingiber Officinale (Ginger) Root Extract, Glycerin.",0,0,0,0,0,cleansing_spa_water_cloths,koh_gen_do,cleanser,koh_gen_do_cleansing_spa_water_cloths,,,,,,,,,,"Dipropylene Glycol;Peg-7 Glyceryl Cocoate;Methylparaben;Phenoxyethanol;Stearamidopropyl Dimethylamine;Lactic Acid;Arginine;Butylene Glycol;Artemisia Princeps Leaf Extract;Rosmarinus Officinalis (Rosemary) Leaf Extract;Lavandula Angustifolia (Lavender) Extract;Salvia Officinalis (Sage) Leaf Extract;Perilla Ocymoides Leaf Extract;Betula Alba Juice;Zingiber Officinale (Ginger) Root Extract;Glycerin,",,,,,,,,,,cleanser,nan
Cleanser,OLEHENRIKSEN,Find Your Balance™ Oil Control Cleanser,25,4.5,"Water, Sodium Cocoyl Isethionate, Decyl Glucoside, Cocamidopropyl Betaine, Glycerin, Acrylates Copolymer, Glycol Distearate, Phenoxyethanol, Glycolic Acid, Lactic Acid, Sodium Hydroxide, Caprylyl Glycol, Eucalyptus Globulus Leaf Oil, Mentha Piperita (Peppermint) Oil, Laureth-4, Ethylhexylglycerin, Hexylene Glycol, Melia Azadirachta Seed Oil, Linoleic Acid, Camellia Sinensis Leaf Extract, Chonrus Crispus (Carrageenan) Extract, Eucalyptus Globulus Leaf Extract, Macrocystis Pyrifera (Kelp) Extract, Phytic Acid, Linolenic Acid, Sodium Benzoate, Tocopherol, Limonene.",1,0,0,1,0,find_your_balance_oil_control_cleanser,olehenriksen,cleanser,olehenriksen_find_your_balance_oil_control_cleanser,,,,,,,,,,"Sodium Cocoyl Isethionate;Decyl Glucoside;Cocamidopropyl Betaine;Glycerin;Acrylates Copolymer;Glycol Distearate;Phenoxyethanol;Glycolic Acid;Lactic Acid;Sodium Hydroxide;Caprylyl Glycol;Eucalyptus Globulus Leaf Oil;Mentha Piperita (Peppermint) Oil;Laureth-4;Ethylhexylglycerin;Hexylene Glycol;Melia Azadirachta Seed Oil;Linoleic Acid;Camellia Sinensis Leaf Extract;Chonrus Crispus (Carrageenan) Extract;Eucalyptus Globulus Leaf Extract;Macrocystis Pyrifera (Kelp) Extract;Phytic Acid;Linolenic Acid;Sodium Benzoate;Tocopherol;Limonene,",,,,,,,,,,cleanser,nan
Cleanser,CLINIQUE,Pep-Start 2-in-1 Exfoliating Cleanser,19,4.5,"Water , Glycerin , Sodium Laureth Sulfate , Silica , Acrylates Copolymer , Lauramidopropyl Betaine , Butylene Glycol , Sucrose , Cocamidopropyl Hydroxysultaine , Carica Papaya (Papaya) Fruit Extract , Bambusa Arundinacea (Bamboo) Stem Extract , Laminaria Saccharina Extract , Salicylic Acid , Palmitoyl Tetrapeptide-7 , Palmitoyl Tripeptide-1 , Caffeine , Sodium Hyaluronate , Acetyl Glucosamine , Sodium Coco Pg-Dimonium Chloride Phosphate , Polysorbate 20 , Disodium Cocoyl Glutamate , Citric Acid , Sodium Cocoyl Glutamate , Laureth-2 , Sodium Chloride , Sodium Hydroxide , Sodium Sulfate , Carbomer , Monosodium Citrate , Disodium Edta , Edta , Bht , Phenoxyethanol , Orange 4 (Ci 15510) , Yellow 5 (Ci 19140) , Red 4 (Ci 14700)",1,1,1,1,0,pep_start_2_in_1_exfoliating_cleanser,clinique,cleanser,clinique_pep_start_2_in_1_exfoliating_cleanser,,,,,,,,,,Glycerin;Sodium Laureth Sulfate;Silica;Acrylates Copolymer;Lauramidopropyl Betaine;Butylene Glycol;Sucrose;Cocamidopropyl Hydroxysultaine;Carica Papaya (Papaya) Fruit Extract;Bambusa Arundinacea (Bamboo) Stem Extract;Laminaria Saccharina Extract;Salicylic Acid;Palmitoyl Tetrapeptide-7;Palmitoyl Tripeptide-1;Caffeine;Sodium Hyaluronate;Acetyl Glucosamine;Sodium Coco Pg-Dimonium Chloride Phosphate;Polysorbate 20;Disodium Cocoyl Glutamate;Citric Acid;Sodium Cocoyl Glutamate;Laureth-2;Sodium Chloride;Sodium Hydroxide;Sodium Sulfate;Carbomer;Monosodium Citrate;Disodium Edta;Edta;Bht;Phenoxyethanol;Orange 4 (Ci 15510);Yellow 5 (Ci 19140);Red 4 (Ci 14700),,,,,,,,,,cleanser,nan
Cleanser,FIRST AID BEAUTY,FAB Skin Lab Resurfacing Liquid 10% AHA,55,4.5,"Water, Polysorbate 80, Glycolic Acid, Butylene Glycol, Caprylic/Capric Triglyceride, Sodium Hydroxide, Malic Acid, Tartaric Acid, Lactic Acid, Citrus Limon (Lemon) Peel Extract, Colloidal Oatmeal, Magnesium Ascorbyl Phosphate, Hydrolyzed Elastin, Papain, Hydrolyzed Hyaluronic Acid, Soluble Collagen, Avena Sativa (Oat) Kernel Extract, Triolein, Ceramide NP, Cucumis Sativus (Cucumber) Fruit Extract, Glycyrrhiza Glabra (Licorice) Root Extract, Morus Alba Bark Extract, Phytosteryl Canola Glycerides, Allantoin, Lecithin, Lysolecithin, Oleic Acid, Palmitic Acid, Maltodextrin, Aloe Barbadensis Leaf Juice, Glycerin, Tocopherol, Glycine Soja (Soybean) Oil, Caprylyl Glycol, Linoleic Acid, Sclerotium Gum, Xanthan Gum, Pullulan, Mica, Stearic Acid, Leuconostoc/Radish Root Ferment Filtrate, Silica, Phenoxyethanol, Chlorphenesin, Disodium EDTA.",1,1,1,1,1,fab_skin_lab_resurfacing_liquid_10_aha,first_aid_beauty,cleanser,first_aid_beauty_fab_skin_lab_resurfacing_liquid_10_aha,0.0,117.0,16210.0,4.4786,1.0,Treatments,55.0,3.83,0.72,"Polysorbate 80;Glycolic Acid;Butylene Glycol;Caprylic/Capric Triglyceride;Sodium Hydroxide;Malic Acid;Tartaric Acid;Lactic Acid;Citrus Limon (Lemon) Peel Extract;Colloidal Oatmeal;Magnesium Ascorbyl Phosphate;Hydrolyzed Elastin;Papain;Hydrolyzed Hyaluronic Acid;Soluble Collagen;Avena Sativa (Oat) Kernel Extract;Triolein;Ceramide NP;Cucumis Sativus (Cucumber) Fruit Extract;Glycyrrhiza Glabra (Licorice) Root Extract;Morus Alba Bark Extract;Phytosteryl Canola Glycerides;Allantoin;Lecithin;Lysolecithin;Oleic Acid;Palmitic Acid;Maltodextrin;Aloe Barbadensis Leaf Juice;Glycerin;Tocopherol;Glycine Soja (Soybean) Oil;Caprylyl Glycol;Linoleic Acid;Sclerotium Gum;Xanthan Gum;Pullulan;Mica;Stearic Acid;Leuconostoc/Radish Root Ferment Filtrate;Silica;Phenoxyethanol;Chlorphenesin;Disodium EDTA,",0.0,117.0,16210.0,4.4786,1.0,Treatments,55.0,3.83,0.72,treatment,High (13k - 26k)
Cleanser,KORRES,Wild Rose Foaming Cream Cleanser,28,4.8,"-Wild Rose Oil: Helps improve the appearance of fine lines and even skin tone for a smooth, radiant complexion. -Super Vitamin C: Absorbs 1,000 percent better than pure ascorbic acid, and minimizes the appearance of skin discolorations.",1,1,1,1,1,wild_rose_foaming_cream_cleanser,korres,cleanser,korres_wild_rose_foaming_cream_cleanser,,,,,,,,,,"-Wild Rose Oil: Helps improve the appearance of fine lines and even skin tone for a smooth;radiant complexion, -Super Vitamin C: Absorbs 1;000 percent better than pure ascorbic acid;and minimizes the appearance of skin discolorations,",,,,,,,,,,cleanser,nan
Cleanser,SEPHORA COLLECTION,Cleansing & Exfoliating Wipes - Green Tea,7,4.6,No Info,0,0,0,0,0,cleansing_exfoliating_wipes_green_tea,sephora_collection,cleanser,sephora_collection_cleansing_exfoliating_wipes_green_tea,,,,,,,,,,No Info,,,,,,,,,,cleanser,nan
Cleanser,SHISEIDO,White Lucent Luminizing Infuser,52,3.8,"Water, Dipropylene Glycol, Glycerin, Tranexamic Acid, Peg-6, Peg-32, Peg/Ppg-14/7 Dimethyl Ether, Sorbitol, Diglycerin, Phenoxyethanol, Ppg-13-Decyltetradeceth-24, Butylene Glycol, Methylparaben, Disodium Edta, Erythritol, Carbomer, Lauryl Betaine, Xanthan Gum, Allantoin, 3-O-Ethyl Ascorbic Acid, Fragrance (Parfum), Sodium Metabisulfite, Sodium Hyaluronate, Prunus Yedoensis Leaf Extract, Crataegus Monogyna Flower Extract, Butylphenyl Methylpropional, Rehmannia Chinensis Root Extract, Sodium Benzoate, Tocopherol, Rosa Roxburghii Fruit Extract.",1,1,1,1,0,white_lucent_luminizing_infuser,shiseido,cleanser,shiseido_white_lucent_luminizing_infuser,,,,,,,,,,"Dipropylene Glycol;Glycerin;Tranexamic Acid;Peg-6;Peg-32;Peg/Ppg-14/7 Dimethyl Ether;Sorbitol;Diglycerin;Phenoxyethanol;Ppg-13-Decyltetradeceth-24;Butylene Glycol;Methylparaben;Disodium Edta;Erythritol;Carbomer;Lauryl Betaine;Xanthan Gum;Allantoin;3-O-Ethyl Ascorbic Acid;Fragrance (Parfum);Sodium Metabisulfite;Sodium Hyaluronate;Prunus Yedoensis Leaf Extract;Crataegus Monogyna Flower Extract;Butylphenyl Methylpropional;Rehmannia Chinensis Root Extract;Sodium Benzoate;Tocopherol;Rosa Roxburghii Fruit Extract,",,,,,,,,,,cleanser,nan
Cleanser,LANCÔME,MOUSSE RADIANCE Clarifying Self-Foaming Cleanser,32,4.5,Visit the Lancôme boutique,0,0,0,0,0,mousse_radiance_clarifying_self_foaming_cleanser,lancôme,cleanser,lancôme_mousse_radiance_clarifying_self_foaming_cleanser,,,,,,,,,,Visit the Lancôme boutique,,,,,,,,,,cleanser,nan
Cleanser,TATA HARPER,Nourishing Oil Cleanser,76,4.1,*Ingredients from organic farming. **Clinical grade essential oils blend.,1,1,1,1,1,nourishing_oil_cleanser,tata_harper,cleanser,tata_harper_nourishing_oil_cleanser,1.0,74.0,6030.0,4.1351,4.1,Moisturizers,18.54,5.59,1.23,"*Ingredients from organic farming, **Clinical grade essential oils blend,",1.0,74.0,6030.0,4.1351,4.1,Moisturizers,18.54,5.59,1.23,cleanser,Low (3k - 7k)
Cleanser,SEPHORA COLLECTION,Radiance Cleansing Foam,16,4.5,"Water, Glycerin, Sodium Cocoyl Glycinate, Sorbitol, Cocamidopropyl Betaine, Sodium Laureth Sulfate, PEG-8, Polysorbate 20, Coco-Glucoside, Pullulan, Phenoxyethanol, Potassium Myristate, Potassium Laurate, Caprylyl Glycol, Parfum (Fragrance), Sodium Benzoate, Butylene Glycol, Citric Acid, Cassia Angustifolia Seed Polysaccharide, Sodium Hydroxide, Citrus Medica Limonum (Lemon) Fruit Extract, Citrus Grandis (Grapefruit) Fruit Extract, Citrus Aurantium Dulcis (Orange) Fruit Extract, Hydroxyethylcellulose.",0,0,0,0,0,radiance_cleansing_foam,sephora_collection,cleanser,sephora_collection_radiance_cleansing_foam,,,,,,,,,,"Glycerin;Sodium Cocoyl Glycinate;Sorbitol;Cocamidopropyl Betaine;Sodium Laureth Sulfate;PEG-8;Polysorbate 20;Coco-Glucoside;Pullulan;Phenoxyethanol;Potassium Myristate;Potassium Laurate;Caprylyl Glycol;Parfum (Fragrance);Sodium Benzoate;Butylene Glycol;Citric Acid;Cassia Angustifolia Seed Polysaccharide;Sodium Hydroxide;Citrus Medica Limonum (Lemon) Fruit Extract;Citrus Grandis (Grapefruit) Fruit Extract;Citrus Aurantium Dulcis (Orange) Fruit Extract;Hydroxyethylcellulose,",,,,,,,,,,cleanser,nan
Cleanser,JACK BLACK,Deep Dive™ Glycolic Facial Cleanser,22,4.6,"Water, Kaolin, Glycerin, Sodium Methyl Cocoyl Taurate, Magnesium Aluminum Silicate, Volcanic Ash, Aveena Sativa (Oat) Kernel Meal, Acrylates Copolymer, Glycolic Acid, Helianthus Anuus (Sunflower) Seed Oil, Calendula Officinalis (Pot Marigold) Flower Extract, Chamomilla Recutita (Matricaria) Flower Extract, Rosmarinus Officinalis (Rosemary) Leaf Extract, Camellia Sinensis (Green Tea) Leaf Extract, Olea Europaea (Olive) Leaf Extract, Disodium Cocoamphodiacetate, Phenoxyethanol, Aloe Barbadensis (Aloe Vera) Leaf Juice, Caprylyl Glycol, Sodium Hydroxide, Ethylhexylglycerin, Hexylene Glycol, Panthenol, Epilobium Angustifolium Flower/Leaf/Stem Extract, Arnica Montana (Wolf's Bane) Flower Extract, Allantoin, Tetrahexyldecyl Ascorbate, Tocopheryl Acetate.",0,0,0,0,0,deep_dive_glycolic_facial_cleanser,jack_black,cleanser,jack_black_deep_dive_glycolic_facial_cleanser,,,,,,,,,,"Kaolin;Glycerin;Sodium Methyl Cocoyl Taurate;Magnesium Aluminum Silicate;Volcanic Ash;Aveena Sativa (Oat) Kernel Meal;Acrylates Copolymer;Glycolic Acid;Helianthus Anuus (Sunflower) Seed Oil;Calendula Officinalis (Pot Marigold) Flower Extract;Chamomilla Recutita (Matricaria) Flower Extract;Rosmarinus Officinalis (Rosemary) Leaf Extract;Camellia Sinensis (Green Tea) Leaf Extract;Olea Europaea (Olive) Leaf Extract;Disodium Cocoamphodiacetate;Phenoxyethanol;Aloe Barbadensis (Aloe Vera) Leaf Juice;Caprylyl Glycol;Sodium Hydroxide;Ethylhexylglycerin;Hexylene Glycol;Panthenol;Epilobium Angustifolium Flower/Leaf/Stem Extract;Arnica Montana (Wolf's Bane) Flower Extract;Allantoin;Tetrahexyldecyl Ascorbate;Tocopheryl Acetate,",0.0,221.0,4128.0,4.3937,8.0,Treatments,3.5,1.99,5.35,cleanser,nan
Cleanser,BOBBI BROWN,Soothing Face Cleanser Oil,48,4.2,"Isopropyl Palmitate, Triethylhexanoin, Isodecyl Isononanoate, Peg-20 Glyceryl Triisostearate, Polybutene, Triisostearin, Peg-8 Diisostearate, Peg-12 Diisostearate, Aleurites Moluccana (Kukui) Seed Oil, Simmondsia Chinensis (Jojoba) Seed Oil, Olea Europaea (Olive) Fruit Oil, Helianthus Annuus (Sunflower) Seed Oil, Zingiber Officinale (Ginger) Root Extract, Bixa Orellana Seed Extract, Lavandula Angustifolia (Lavender), Jasminum Officinale (Jasmine) Flower Wax, Glycerin, Methyldihydrojasmonate, Pentylene Glycol, Glyceryl Laurate, Bisabolol, Tocopheryl Acetate, Linalool, Water",0,0,0,0,0,soothing_face_cleanser_oil,bobbi_brown,cleanser,bobbi_brown_soothing_face_cleanser_oil,,,,,,,,,,Isopropyl Palmitate;Triethylhexanoin;Isodecyl Isononanoate;Peg-20 Glyceryl Triisostearate;Polybutene;Triisostearin;Peg-8 Diisostearate;Peg-12 Diisostearate;Aleurites Moluccana (Kukui) Seed Oil;Simmondsia Chinensis (Jojoba) Seed Oil;Olea Europaea (Olive) Fruit Oil;Helianthus Annuus (Sunflower) Seed Oil;Zingiber Officinale (Ginger) Root Extract;Bixa Orellana Seed Extract;Lavandula Angustifolia (Lavender);Jasminum Officinale (Jasmine) Flower Wax;Glycerin;Methyldihydrojasmonate;Pentylene Glycol;Glyceryl Laurate;Bisabolol;Tocopheryl Acetate;Linalool,,,,,,,,,,cleanser,nan
Cleanser,SEPHORA COLLECTION,Exfoliating Wipes - Charcoal - Detoxifying,7,4.2,No Info,0,0,0,0,0,exfoliating_wipes_charcoal_detoxifying,sephora_collection,cleanser,sephora_collection_exfoliating_wipes_charcoal_detoxifying,,,,,,,,,,No Info,,,,,,,,,,cleanser,nan
Cleanser,SHISEIDO,Perfect Cleansing Oil,33,4.5,Visit the Shiseido boutique,0,0,0,0,0,perfect_cleansing_oil,shiseido,cleanser,shiseido_perfect_cleansing_oil,0.0,87.0,8823.0,4.5632,6.0,Moisturizers,5.83,5.25,0.99,Visit the Shiseido boutique,0.0,87.0,8823.0,4.5632,6.0,Moisturizers,5.83,5.25,0.99,cleanser,Medium (7k - 13k)
Cleanser,TARTE,Deep Dive Cleansing Gel Rainforest of the Sea™,25,4.4,"Water, Cocamidopropyl Betaine, Disodium Cocoamphodipropionate, Sodium Lauroyl Sarcosinate, Sodium Lauryl Sulfoacetate, Propanediol, Sodium Coco PG-Dimonium Chloride Phosphate, Caprylyl Glycol, Polyquaternium-10, Fructosyl Cocoate/Olivate, Sodium Chloride, Glyceryl Laurate, Phenoxyethanol, Sodium Cocoyl/Olivoyl Hydrolyzed Oat/Wheat Protein, Potassium Sorbate, Allantoin, Panthenol, Cocamidopropyl Dimethylamine, Sodium Glycolate, Hexylene Glycol, Citric Acid, Cocoyl Hydroxyethyl Imidazoline, Methyl Alcohol, Lavandula Angustifolia (Lavender) Oil, Algae Extract, Cocos Nucifera (Coconut) Oil, Gardenia Tahitensis Flower Extract, Tocopherol, Phyllanthus Emblica Fruit Extract, Linalool.",0,0,0,0,0,deep_dive_cleansing_gel_rainforest_of_the_sea,tarte,cleanser,tarte_deep_dive_cleansing_gel_rainforest_of_the_sea,,,,,,,,,,"Cocamidopropyl Betaine;Disodium Cocoamphodipropionate;Sodium Lauroyl Sarcosinate;Sodium Lauryl Sulfoacetate;Propanediol;Sodium Coco PG-Dimonium Chloride Phosphate;Caprylyl Glycol;Polyquaternium-10;Fructosyl Cocoate/Olivate;Sodium Chloride;Glyceryl Laurate;Phenoxyethanol;Sodium Cocoyl/Olivoyl Hydrolyzed Oat/Wheat Protein;Potassium Sorbate;Allantoin;Panthenol;Cocamidopropyl Dimethylamine;Sodium Glycolate;Hexylene Glycol;Citric Acid;Cocoyl Hydroxyethyl Imidazoline;Methyl Alcohol;Lavandula Angustifolia (Lavender) Oil;Algae Extract;Cocos Nucifera (Coconut) Oil;Gardenia Tahitensis Flower Extract;Tocopherol;Phyllanthus Emblica Fruit Extract;Linalool,",,,,,,,,,,cleanser,nan
Cleanser,CLINIQUE,7 Day Scrub Cream Rinse-Off Formula,22,4.6,"Water , Tridecyl Stearate , Tridecyl Trimellitate , Dipentaerythrityl Hexacaprylate/Hexacaprate , Butylene Glycol , Glyceryl Stearate , Cocos Nucifera (Coconut) Oil , Caprylic/Capric Triglyceride , Silica , Cetearyl Alcohol , Ceteareth-20 , Sorbitol , Hexyldecyl Stearate , Bisabolol , Disodium Cocoamphodipropionate , Triethanolamine , Oleth-10 Phosphate , Caprylyl Glycol , 1,2-Hexanediol , Stearyl Alcohol , Carbomer , Disodium Edta , Phenoxyethanol , Potassium Sorbate , Chlorphenesin",0,0,0,0,0,7_day_scrub_cream_rinse_off_formula,clinique,cleanser,clinique_7_day_scrub_cream_rinse_off_formula,,,,,,,,,,"Tridecyl Stearate;Tridecyl Trimellitate;Dipentaerythrityl Hexacaprylate/Hexacaprate;Butylene Glycol;Glyceryl Stearate;Cocos Nucifera (Coconut) Oil;Caprylic/Capric Triglyceride;Silica;Cetearyl Alcohol;Ceteareth-20;Sorbitol;Hexyldecyl Stearate;Bisabolol;Disodium Cocoamphodipropionate;Triethanolamine;Oleth-10 Phosphate;Caprylyl Glycol;1,2-Hexanediol;Stearyl Alcohol;Carbomer;Disodium Edta;Phenoxyethanol;Potassium Sorbate;Chlorphenesin",,,,,,,,,,cleanser,nan
Cleanser,CLINIQUE,Take The Day Off Micellar Cleansing Towelettes for Face & Eyes,14,3.6,"Water , Isopropyl Palmitate , Pentylene Glycol , Dimethicone , Trisiloxane , Methyl Glucose Sesquistearate , Peg-20 Methyl Glucose Sesquistearate , Caprylyl Glycol , Arginine , Hexylene Glycol , Sorbic Acid , Disodium Edta , Phenoxyethanol",0,0,0,0,0,take_the_day_off_micellar_cleansing_towelettes_for_face_eyes,clinique,cleanser,clinique_take_the_day_off_micellar_cleansing_towelettes_for_face_eyes,,,,,,,,,,Isopropyl Palmitate;Pentylene Glycol;Dimethicone;Trisiloxane;Methyl Glucose Sesquistearate;Peg-20 Methyl Glucose Sesquistearate;Caprylyl Glycol;Arginine;Hexylene Glycol;Sorbic Acid;Disodium Edta;Phenoxyethanol,,,,,,,,,,cleanser,nan
Cleanser,LANCÔME,Cleansing & Clarifying Duo,45,5.0,"Bi-Facil: Water, Cyclopentasiloxane, Isohexadecane, Sodium Chloride, Poloxamer 184, Hexylene Glycol, Dipotassium Phosphate, Benzyl Alochol, Potassium Phosphate, Quaternium-15, Benzalkonium Chloride, Fragrance, Citronellol, Geraniol. Crème Radiance: Glycerin, Water, Myristic Acid, Stearic Acid, Potassium Hydroxide, Palmitic Acid, Glyceryl Stearate Se, Lauric Acid, Coco-Glucoside, Glycol Distearate, Fragrance, P-Anisic Acid, Tocopherol, Peg-14m, Nelumbo Nucifera Flower Extract, Limonene, Benzyl Salicylate, Linalool, Benzyl Alcohol, Propylene Glycol, Disodium Edta, Rosa Gallica Extract, Butylphenyl Methylpropional, Cryptomeria Japonica Bud Extract.",0,0,0,0,0,cleansing_clarifying_duo,lancôme,cleanser,lancôme_cleansing_clarifying_duo,,,,,,,,,,"Bi-Facil: Water;Cyclopentasiloxane;Isohexadecane;Sodium Chloride;Poloxamer 184;Hexylene Glycol;Dipotassium Phosphate;Benzyl Alochol;Potassium Phosphate;Quaternium-15;Benzalkonium Chloride;Fragrance;Citronellol;Geraniol, Crème Radiance: Glycerin;Myristic Acid;Stearic Acid;Potassium Hydroxide;Palmitic Acid;Glyceryl Stearate Se;Lauric Acid;Coco-Glucoside;Glycol Distearate;Fragrance;P-Anisic Acid;Tocopherol;Peg-14m;Nelumbo Nucifera Flower Extract;Limonene;Benzyl Salicylate;Linalool;Benzyl Alcohol;Propylene Glycol;Disodium Edta;Rosa Gallica Extract;Butylphenyl Methylpropional;Cryptomeria Japonica Bud Extract,",,,,,,,,,,cleanser,nan
Cleanser,DR. JART+,Dermaclear™ Micro Water,32,4.4,"Water, Butylene Glycol, Dipropylene Glycol, PEG-6 Caprylic/Capric Glycerides, Phenoxyethanol, Decyl Glucoside, PEG-40 Hydrogenated Castor Oil, PPG-26-Buteth-26, Ethylhexylglycerin, Sodium Citrate, Disodium EDTA, Citric Acid, Citrus Aurantium Bergamia (Bergamot) Fruit Oil, Madecassoside, Rice Ferment Filtrate (Sake), Pearl Powder, Galactomyces Ferment Filtrate, Hippophae Rhamnoides Fruit Extract, Sodium Palmitoyl Proline, Salix Nigra (Willow) Bark Extract, Nymphaea Alba Flower Extract, Rosa Multiflora Fruit Extract, Royal Jelly Extract, Caprylyl Glycol.",1,1,1,1,1,dermaclear_micro_water,dr._jart,cleanser,dr._jart_dermaclear_micro_water,,,,,,,,,,"Butylene Glycol;Dipropylene Glycol;PEG-6 Caprylic/Capric Glycerides;Phenoxyethanol;Decyl Glucoside;PEG-40 Hydrogenated Castor Oil;PPG-26-Buteth-26;Ethylhexylglycerin;Sodium Citrate;Disodium EDTA;Citric Acid;Citrus Aurantium Bergamia (Bergamot) Fruit Oil;Madecassoside;Rice Ferment Filtrate (Sake);Pearl Powder;Galactomyces Ferment Filtrate;Hippophae Rhamnoides Fruit Extract;Sodium Palmitoyl Proline;Salix Nigra (Willow) Bark Extract;Nymphaea Alba Flower Extract;Rosa Multiflora Fruit Extract;Royal Jelly Extract;Caprylyl Glycol,",,,,,,,,,,cleanser,nan
Cleanser,FIRST AID BEAUTY,Skin Rescue Deep Cleanser With Red Clay,24,4.3,"Water, Sodium Lauroyl Sarcosinate, Cocamidopropyl Betaine, Glycerin, Peg-120 Methyl Glucose Dioleate, Acrylates/Steareth-20 Methacrylate Copolymer, Dipropylene Glycol, Camellia Sinensis Leaf Extract, Chrysanthemum Parthenium (Feverfew) Extract, Glycyrrhiza Uralensis (Licorice) Root Extract, Bisabolol, Rosmarinus Officinalis (Rosemary) Leaf Oil, Allantoin, Acrylates/C10-30 Alkyl Acrylate Crosspolymer, Panthenol, Illite, Potassium Hydroxide, Disodium Edta, Mica, Caprylyl Glycol, Phenoxyethanol, Iron Oxides (Ci 77491).",1,1,1,1,1,skin_rescue_deep_cleanser_with_red_clay,first_aid_beauty,cleanser,first_aid_beauty_skin_rescue_deep_cleanser_with_red_clay,,,,,,,,,,"Sodium Lauroyl Sarcosinate;Cocamidopropyl Betaine;Glycerin;Peg-120 Methyl Glucose Dioleate;Acrylates/Steareth-20 Methacrylate Copolymer;Dipropylene Glycol;Camellia Sinensis Leaf Extract;Chrysanthemum Parthenium (Feverfew) Extract;Glycyrrhiza Uralensis (Licorice) Root Extract;Bisabolol;Rosmarinus Officinalis (Rosemary) Leaf Oil;Allantoin;Acrylates/C10-30 Alkyl Acrylate Crosspolymer;Panthenol;Illite;Potassium Hydroxide;Disodium Edta;Mica;Caprylyl Glycol;Phenoxyethanol;Iron Oxides (Ci 77491),",,,,,,,,,,cleanser,nan
Cleanser,BOSCIA,The Future is Female Peppermint Blotting Linens,7,3.3,"-Natural Abaca Tree Fiber: Absorbs oil and perspiration. -Peppermint Extract: Provides refreshing, aromatherapeutic benefits.",1,1,1,1,1,the_future_is_female_peppermint_blotting_linens,boscia,cleanser,boscia_the_future_is_female_peppermint_blotting_linens,,,,,,,,,,"-Natural Abaca Tree Fiber: Absorbs oil and perspiration, -Peppermint Extract: Provides refreshing;aromatherapeutic benefits,",,,,,,,,,,cleanser,nan
Cleanser,CAUDALIE,Gentle Cleansing Milk,28,4.1,"Water, Cetearyl Isononanoate*, Butylene Glycol, Glycerin*, Cetyl Alcohol*, Prunus Amygdalus Dulcis (Sweet Almond) Oil*, Simmondsia Chinensis (Jojoba) Seed Oil*, Sodium Cocoyl Glutamate*, Decyl Glucoside*, Butyrospermum Parkii (Shea) Butter Extract*, Maltodextrin*, Carbomer, Potassium Cetyl Phosphate, Caprylyl Glycol, Hydrolyzed Vegetable Protein*, Acrylates/C10-30 Alkyl Acrylate Crosspolymer, Potassium Sorbate, Sodium Hydroxide, Trehalose*, Tocopherol*, Fragrance, Avena Sativa (Oat) Kernel Extract*, Centaurea Cyanus Flower Extract*, Palmitoyl Grape Seed Extract*, Hexyl Cinnamal, Linalool, Limonene. *Plant origin.",1,1,1,1,1,gentle_cleansing_milk,caudalie,cleanser,caudalie_gentle_cleansing_milk,,,,,,,,,,"Cetearyl Isononanoate*;Butylene Glycol;Glycerin*;Cetyl Alcohol*;Prunus Amygdalus Dulcis (Sweet Almond) Oil*;Simmondsia Chinensis (Jojoba) Seed Oil*;Sodium Cocoyl Glutamate*;Decyl Glucoside*;Butyrospermum Parkii (Shea) Butter Extract*;Maltodextrin*;Carbomer;Potassium Cetyl Phosphate;Caprylyl Glycol;Hydrolyzed Vegetable Protein*;Acrylates/C10-30 Alkyl Acrylate Crosspolymer;Potassium Sorbate;Sodium Hydroxide;Trehalose*;Tocopherol*;Fragrance;Avena Sativa (Oat) Kernel Extract*;Centaurea Cyanus Flower Extract*;Palmitoyl Grape Seed Extract*;Hexyl Cinnamal;Linalool;Limonene, *Plant origin,",,,,,,,,,,cleanser,nan
Cleanser,CAUDALIE,Make-Up Removing Cleansing Oil,28,4.4,"Helianthus Annuus (Sunflower) Seed Oil*, Polyglyceryl-4 Oleate*, Caprylic/Capric Triglyceride*, Ricinus Communis (Castor) Seed Oil*, Prunus Amygdalus Dulcis (Sweet Almond) Oil*, Vitis Vinifera (Grape) Seed Oil*, Tocopherol*, Fragrance*. *Plant origin.",1,1,1,1,1,make_up_removing_cleansing_oil,caudalie,cleanser,caudalie_make_up_removing_cleansing_oil,1.0,160.0,12218.0,4.425,3.38,Moisturizers,8.28,2.77,1.31,"Helianthus Annuus (Sunflower) Seed Oil*;Polyglyceryl-4 Oleate*;Caprylic/Capric Triglyceride*;Ricinus Communis (Castor) Seed Oil*;Prunus Amygdalus Dulcis (Sweet Almond) Oil*;Vitis Vinifera (Grape) Seed Oil*;Tocopherol*;Fragrance*, *Plant origin,",1.0,160.0,12218.0,4.425,3.38,Moisturizers,8.28,2.77,1.31,cleanser,Medium (7k - 13k)
Cleanser,CLINIQUE,Rinse-Off Eye Makeup Solvent,19,4.3,"Water , Peg-32 , Butylene Glycol , Disodium Cocoamphodiacetate , Peg-6 , Trisodium Edta , Phenoxyethanol",0,0,0,0,0,rinse_off_eye_makeup_solvent,clinique,cleanser,clinique_rinse_off_eye_makeup_solvent,,,,,,,,,,Peg-32;Butylene Glycol;Disodium Cocoamphodiacetate;Peg-6;Trisodium Edta;Phenoxyethanol,,,,,,,,,,cleanser,nan
Cleanser,DR. JART+,Dermaclear™ Micro Foam Cleanser,22,4.5,"Water, Myristic Acid, Sorbitol, Butylene Glycol, Stearic Acid, Potassium Hydroxide, Glycerin, Lauric Acid, Potassium Cocoyl Glycinate, Glycol Distearate, Polysorbate 20, Cocamidopropyl Betaine, Glyceryl Stearate, PEG-32, PEG-7 Glyceryl Cocoate, PEG-100 Stearate, Potassium Cocoate, Polyquaternium-7, Phenoxyethanol, Citrus Aurantium Bergamia (Bergamot) Fruit Oil, Pelargonium Graveolens Flower Oil, Disodium EDTA, Citrus Limon (Lemon) Peel Oil, Ethylhexylglycerin, Olea Europaea (Olive) Fruit Oil, Sodium Benzoate, Panthenol, Salvia Officinalis (Sage) Oil, Dipropylene Glycol, Pogostemon Cablin Oil, Sodium Palmitoyl Proline, Pinus Sylvestris Leaf Oil, Citrus Aurantium Dulcis (Orange) Oil, Citrus Grandis (Grapefruit) Peel Oil, Salvia Sclarea (Clary) Oil, Aniba Rosaeodora (Rosewood) Wood Oil, Rosmarinus Officinalis (Rosemary) Leaf Extract, Nymphaea Alba Flower Extract, Lavandula Angustifolia (Lavender) Oil, Cedrus Atlantica Bark Oil, Eucalyptus Globulus Leaf Oil, Anthemis Nobilis Flower Extract, Copaifera Officinalis (Balsam Copaiba) Resin, Citrus Aurantifolia (Lime) Fruit Extract, Salvia Officinalis (Sage) Leaf Extract, Jasminum Officinale (Jasmine) Oil, Myrtus Communis Oil, Artemisia Absinthium Extract, Rose Flower Oil, Vanilla Planifolia Fruit Extract, Ferula Galbaniflua (Galbanum) Resin Oil.",0,0,0,0,0,dermaclear_micro_foam_cleanser,dr._jart,cleanser,dr._jart_dermaclear_micro_foam_cleanser,,,,,,,,,,"Myristic Acid;Sorbitol;Butylene Glycol;Stearic Acid;Potassium Hydroxide;Glycerin;Lauric Acid;Potassium Cocoyl Glycinate;Glycol Distearate;Polysorbate 20;Cocamidopropyl Betaine;Glyceryl Stearate;PEG-32;PEG-7 Glyceryl Cocoate;PEG-100 Stearate;Potassium Cocoate;Polyquaternium-7;Phenoxyethanol;Citrus Aurantium Bergamia (Bergamot) Fruit Oil;Pelargonium Graveolens Flower Oil;Disodium EDTA;Citrus Limon (Lemon) Peel Oil;Ethylhexylglycerin;Olea Europaea (Olive) Fruit Oil;Sodium Benzoate;Panthenol;Salvia Officinalis (Sage) Oil;Dipropylene Glycol;Pogostemon Cablin Oil;Sodium Palmitoyl Proline;Pinus Sylvestris Leaf Oil;Citrus Aurantium Dulcis (Orange) Oil;Citrus Grandis (Grapefruit) Peel Oil;Salvia Sclarea (Clary) Oil;Aniba Rosaeodora (Rosewood) Wood Oil;Rosmarinus Officinalis (Rosemary) Leaf Extract;Nymphaea Alba Flower Extract;Lavandula Angustifolia (Lavender) Oil;Cedrus Atlantica Bark Oil;Eucalyptus Globulus Leaf Oil;Anthemis Nobilis Flower Extract;Copaifera Officinalis (Balsam Copaiba) Resin;Citrus Aurantifolia (Lime) Fruit Extract;Salvia Officinalis (Sage) Leaf Extract;Jasminum Officinale (Jasmine) Oil;Myrtus Communis Oil;Artemisia Absinthium Extract;Rose Flower Oil;Vanilla Planifolia Fruit Extract;Ferula Galbaniflua (Galbanum) Resin Oil,",,,,,,,,,,cleanser,nan
Cleanser,FRESH,Soy Face Cleansing Milk,38,3.9,"Water, Caprylic/Capric Triglyceride, Caprylic/Capric/Succinic Triglyceride, Glycerin, Pentylene Glycol, Hydrogenated Palm Kernel Glycerides, Glycine Soja (Soybean) Oil, Xanthan Gum, Hydrogenated Palm Glycerides, Rosa Damascena Flower Water, Hydrolyzed Soy Protein, Cucumis Sativus (Cucumber) Fruit Extract, Centaurea Cyanus Flower Extract, Hibiscus Sabdariffa Flower Extract, Rosa Damascena Flower Oil, Tocopheryl Acetate, Steareth-21, Cetyl Alcohol, Stearyl Alcohol, Lauryl Glucoside, Polyglyceryl-2 Dipolyhydroxystearate, Behenyl Alcohol, Ceteareth-20, Caprylyl Glycol, Polyacrylate-13, Acrylates/C10-30 Alkyl Acrylate Crosspolymer, Polyisobutene, Tetrasodium EDTA, Sorbitan Isostearate, Caramel, Polysorbate 20, Sodium Hydroxide, Magnesium Aluminum Silicate, Sorbic Acid, Fragrance, BHT, Phenoxyethanol, Citronellol, Geraniol.",1,1,1,1,1,soy_face_cleansing_milk,fresh,cleanser,fresh_soy_face_cleansing_milk,,,,,,,,,,"Caprylic/Capric Triglyceride;Caprylic/Capric/Succinic Triglyceride;Glycerin;Pentylene Glycol;Hydrogenated Palm Kernel Glycerides;Glycine Soja (Soybean) Oil;Xanthan Gum;Hydrogenated Palm Glycerides;Rosa Damascena Flower Water;Hydrolyzed Soy Protein;Cucumis Sativus (Cucumber) Fruit Extract;Centaurea Cyanus Flower Extract;Hibiscus Sabdariffa Flower Extract;Rosa Damascena Flower Oil;Tocopheryl Acetate;Steareth-21;Cetyl Alcohol;Stearyl Alcohol;Lauryl Glucoside;Polyglyceryl-2 Dipolyhydroxystearate;Behenyl Alcohol;Ceteareth-20;Caprylyl Glycol;Polyacrylate-13;Acrylates/C10-30 Alkyl Acrylate Crosspolymer;Polyisobutene;Tetrasodium EDTA;Sorbitan Isostearate;Caramel;Polysorbate 20;Sodium Hydroxide;Magnesium Aluminum Silicate;Sorbic Acid;Fragrance;BHT;Phenoxyethanol;Citronellol;Geraniol,",,,,,,,,,,cleanser,nan
Cleanser,LANEIGE,Moisturizing Foam Cleanser,23,3.8,"Water, Glycerin, Stearic Acid, Myristic Acid, Butylene Glycol, PEG-32, Potassium Hydroxide, Lauryl Glucoside, Lauric Acid, Butyrospermum Parkii (Shea) Butter, Camellia Sinensis Leaf Extract, Lactobacillus, Water Hyacinth Ferment, Hydrolyzed Wheat Protein, Mannitol, Sodium Methyl Cocoyl Taurate, Cocamidopropyl Betaine, Glyceryl Stearate, PEG-100 Stearate, Lauramide DEA, PEG-14M, Disodium EDTA, Sodium Benzoate, Fragrance, Red 33 (CI 17200), Yellow 5 (CI 19140).",1,1,1,0,1,moisturizing_foam_cleanser,laneige,cleanser,laneige_moisturizing_foam_cleanser,,,,,,,,,,"Glycerin;Stearic Acid;Myristic Acid;Butylene Glycol;PEG-32;Potassium Hydroxide;Lauryl Glucoside;Lauric Acid;Butyrospermum Parkii (Shea) Butter;Camellia Sinensis Leaf Extract;Lactobacillus;Water Hyacinth Ferment;Hydrolyzed Wheat Protein;Mannitol;Sodium Methyl Cocoyl Taurate;Cocamidopropyl Betaine;Glyceryl Stearate;PEG-100 Stearate;Lauramide DEA;PEG-14M;Disodium EDTA;Sodium Benzoate;Fragrance;Red 33 (CI 17200);Yellow 5 (CI 19140),",,,,,,,,,,cleanser,nan
Cleanser,FRESH,Seaberry Skin Nutrition Cleansing Oil,42,4.5,"Vitis Vinifera (Grape) Seed Oil, Hydrogenated Polyisobutene, Butylene Glycol Dicaprylate/Dicaprate, PEG-20 Glyceryl Triisostearate, Caprylic/Capric/Succinic Triglyceride, Camellia Oleifera Seed Oil, Hippophae Rhamnoides Oil, Nigella Sativa Seed Oil, Vaccinium Macrocarpon (Cranberry) Seed Oil, Bixa Orellana Seed Extract, Haberlea Rhodopensis Leaf Extract, Rosmarinus Officinalis (Rosemary) Leaf Extract, Tocopheryl Acetate, Tocopherol, Caprylic/Capric Triglyceride, Fragrance, Water, BHT, Benzyl Alcohol, Dehydroacetic Acid, Limonene, Linalool, Citral.",0,0,0,0,0,seaberry_skin_nutrition_cleansing_oil,fresh,cleanser,fresh_seaberry_skin_nutrition_cleansing_oil,0.0,158.0,12319.0,4.5063,,Moisturizers,,2.85,1.28,"Vitis Vinifera (Grape) Seed Oil;Hydrogenated Polyisobutene;Butylene Glycol Dicaprylate/Dicaprate;PEG-20 Glyceryl Triisostearate;Caprylic/Capric/Succinic Triglyceride;Camellia Oleifera Seed Oil;Hippophae Rhamnoides Oil;Nigella Sativa Seed Oil;Vaccinium Macrocarpon (Cranberry) Seed Oil;Bixa Orellana Seed Extract;Haberlea Rhodopensis Leaf Extract;Rosmarinus Officinalis (Rosemary) Leaf Extract;Tocopheryl Acetate;Tocopherol;Caprylic/Capric Triglyceride;Fragrance;BHT;Benzyl Alcohol;Dehydroacetic Acid;Limonene;Linalool;Citral,",0.0,158.0,12319.0,4.5063,,Moisturizers,,2.85,1.28,cleanser,Medium (7k - 13k)
Cleanser,SHISEIDO,Pureness Deep Cleansing Foam,22,4.2,"Water, Stearic Acid, PEG-8, Myristic Acid, Glycerin, Potassium Hydroxide, Butylene Glycol, Lauric Acid, Glyceryl Stearate Se, Sorbitol, Beeswax, Sodium Lauryl Glycol Carboxylate, Sodium Methyl Cocoyl Taurate, Fragrance, (Microcrystalline Cellulose, Trisodium Edta, Menthol, Talc, Magnesium Aluminum Silicate, Ethylcellulose, Hexyl Cinnamal, Linalool, Butylphenyl Methylpropional, Limonene, Zinc Oxide, Ultramarines (Ci 77007), Disodium Edta, Tocopheryl Acetate, Paeonia Albiflora Root Extract, (Rosemary) Leaf Extract (Rosmarinus Officinalis Leaf Extract), Benzoic Acid.",1,1,1,1,1,pureness_deep_cleansing_foam,shiseido,cleanser,shiseido_pureness_deep_cleansing_foam,,,,,,,,,,"Stearic Acid;PEG-8;Myristic Acid;Glycerin;Potassium Hydroxide;Butylene Glycol;Lauric Acid;Glyceryl Stearate Se;Sorbitol;Beeswax;Sodium Lauryl Glycol Carboxylate;Sodium Methyl Cocoyl Taurate;Fragrance;(Microcrystalline Cellulose;Trisodium Edta;Menthol;Talc;Magnesium Aluminum Silicate;Ethylcellulose;Hexyl Cinnamal;Linalool;Butylphenyl Methylpropional;Limonene;Zinc Oxide;Ultramarines (Ci 77007);Disodium Edta;Tocopheryl Acetate;Paeonia Albiflora Root Extract;(Rosemary) Leaf Extract (Rosmarinus Officinalis Leaf Extract);Benzoic Acid,",,,,,,,,,,cleanser,nan
Cleanser,DR. BRANDT SKINCARE,PoreDermabrasion™ Pore Perfecting Exfoliator,58,4.2,"Water, Alumina, Glycerin, Butylene Glycol, Lactobacillus Ferment, Carica Papaya (Papaya) Fruit Extract, Carbomer, Methyl Gluceth-20, Lens Esculenta (Lentil) Fruit Extract, Microcitrus Australasica Fruit Extract, Lactobacillus/Pumpkin Fruit Ferment Filtrate, Amyris Balsamifera Bark Oil, Citrus Aurantium Bergamia (Bergamot) Fruit Oil, Eugenia Caryophyllus (Clove) Leaf Oil, Jasminum Officinale (Jasmine) Oil, Lavandula Angustifolia (Lavender) Oil, Citrus Limon (Lemon) Peel Oil, Mentha Piperita (Peppermint) Oil, Rosa Damascena Flower Oil, Caprylic/Capric Triglyceride, Allantoin, Xanthan Gum, Sodium Hyaluronate, Salicylic Acid, Methyl Methacrylate Crosspolymer, Alcohol Denat., Sodium Hydroxide, Leuconostoc/Radish Root Ferment Filtrate, Phenoxyethanol, Ethylhexylglycerin, Iron Oxide (Ci 77491), Sodium Oxide.",1,0,1,1,0,poredermabrasion_pore_perfecting_exfoliator,dr._brandt_skincare,cleanser,dr._brandt_skincare_poredermabrasion_pore_perfecting_exfoliator,,,,,,,,,,"Alumina;Glycerin;Butylene Glycol;Lactobacillus Ferment;Carica Papaya (Papaya) Fruit Extract;Carbomer;Methyl Gluceth-20;Lens Esculenta (Lentil) Fruit Extract;Microcitrus Australasica Fruit Extract;Lactobacillus/Pumpkin Fruit Ferment Filtrate;Amyris Balsamifera Bark Oil;Citrus Aurantium Bergamia (Bergamot) Fruit Oil;Eugenia Caryophyllus (Clove) Leaf Oil;Jasminum Officinale (Jasmine) Oil;Lavandula Angustifolia (Lavender) Oil;Citrus Limon (Lemon) Peel Oil;Mentha Piperita (Peppermint) Oil;Rosa Damascena Flower Oil;Caprylic/Capric Triglyceride;Allantoin;Xanthan Gum;Sodium Hyaluronate;Salicylic Acid;Methyl Methacrylate Crosspolymer;Alcohol Denat,;Sodium Hydroxide;Leuconostoc/Radish Root Ferment Filtrate;Phenoxyethanol;Ethylhexylglycerin;Iron Oxide (Ci 77491);Sodium Oxide,",,,,,,,,,,cleanser,nan
Cleanser,LANEIGE,Essential Power Skin Toner for Combination to Oily Skin,28,4.4,"Water, Alcohol, Glycereth-26, Dipropylene Glycol, Chenopodium Quinoa Seed Extract, Opuntia Coccinellifera Fruit Extract, Niacinamide, Magnesium Sulfate, Manganese Sulfate, Butylene Glycol, Ascorbyl Glucoside, Ethylhexylglycerin, Zinc Sulfate, Calcium Chloride, PEG-60 Hydrogenated Castor Oil, Disodium Edta, Fragrance.",1,0,0,1,0,essential_power_skin_toner_for_combination_to_oily_skin,laneige,cleanser,laneige_essential_power_skin_toner_for_combination_to_oily_skin,,,,,,,,,,"Alcohol;Glycereth-26;Dipropylene Glycol;Chenopodium Quinoa Seed Extract;Opuntia Coccinellifera Fruit Extract;Niacinamide;Magnesium Sulfate;Manganese Sulfate;Butylene Glycol;Ascorbyl Glucoside;Ethylhexylglycerin;Zinc Sulfate;Calcium Chloride;PEG-60 Hydrogenated Castor Oil;Disodium Edta;Fragrance,",,,,,,,,,,cleanser,nan
Cleanser,SEPHORA COLLECTION,Diamondbuff by Bee Stunning,60,4.5,Visit the SEPHORA COLLECTION boutique,0,0,0,0,0,diamondbuff_by_bee_stunning,sephora_collection,cleanser,sephora_collection_diamondbuff_by_bee_stunning,,,,,,,,,,Visit the SEPHORA COLLECTION boutique,,,,,,,,,,cleanser,nan
Cleanser,L'OCCITANE,Shea Cleansing Oil,24,4.5,"Helianthus Annuus (Sunflower) Seed Oil, Isopropyl Isostearate, PEG-40 Sorbitan Peroleate, Caprylic/Capric Triglyceride, Butyrospermum Parkii (Shea) Butter, Adansonia Digitata Seed Oil, Fragrance, Tocopherol.",0,0,0,0,0,shea_cleansing_oil,l'occitane,cleanser,l'occitane_shea_cleansing_oil,0.0,210.0,9005.0,4.4571,6.7,Moisturizers,3.58,2.12,2.33,"Helianthus Annuus (Sunflower) Seed Oil;Isopropyl Isostearate;PEG-40 Sorbitan Peroleate;Caprylic/Capric Triglyceride;Butyrospermum Parkii (Shea) Butter;Adansonia Digitata Seed Oil;Fragrance;Tocopherol,",0.0,210.0,9005.0,4.4571,6.7,Moisturizers,3.58,2.12,2.33,cleanser,Medium (7k - 13k)
Cleanser,TATCHA,Aburatorigami Japanese Blotting Papers,12,4.7,"Abaca Leaf, Gold Flakes.",1,1,1,1,1,aburatorigami_japanese_blotting_papers,tatcha,cleanser,tatcha_aburatorigami_japanese_blotting_papers,,,,,,,,,,"Abaca Leaf;Gold Flakes,",,,,,,,,,,cleanser,nan
Cleanser,CHARLOTTE TILBURY,Multi-Miracle Glow Cleansing Balm,60,4.9,"Glycerin, Water, Caprylic/Capric Triglyceride, Cyclopentasiloxane, Sucrose Stearate, Phenyl Trimethicone, Phenoxyethanol, Microcrystalline Cellulose, Ethylhexylglycerin, Chlorphenesin, Cellulose Gum, Xanthan Gum, Fragrance (Parfum), Camellia Oleifera Seed Oil, Rosa Canina Fruit Oil, Peg-8, Helianthus Annuus (Sunflower) Seed Oil, Tocopherol, Ascorbyl Tetraisopalmitate, Rubus Chamaemorus Seed Oil, Tocopheryl Acetate, Vaccinium Macrocarpon (Cranberry) Seed Oil, Retinyl Palmitate, Ascorbyl Palmitate, Ascorbic Acid, Citric Acid, Bht, Plumeria Rubra Flower Extract, Rosmarinus Officinalis (Rosemary) Leaf Extract, Hexyl Cinnamal, Benzyl Benzoate, Linalool, Hydroxycitronellal, Cinnamyl Alcohol, Red 40 (Ci 16035).",1,1,1,1,1,multi_miracle_glow_cleansing_balm,charlotte_tilbury,cleanser,charlotte_tilbury_multi_miracle_glow_cleansing_balm,0.0,16.0,2954.0,4.5625,3.4,Moisturizers,17.65,28.52,0.54,"Glycerin;Caprylic/Capric Triglyceride;Cyclopentasiloxane;Sucrose Stearate;Phenyl Trimethicone;Phenoxyethanol;Microcrystalline Cellulose;Ethylhexylglycerin;Chlorphenesin;Cellulose Gum;Xanthan Gum;Fragrance (Parfum);Camellia Oleifera Seed Oil;Rosa Canina Fruit Oil;Peg-8;Helianthus Annuus (Sunflower) Seed Oil;Tocopherol;Ascorbyl Tetraisopalmitate;Rubus Chamaemorus Seed Oil;Tocopheryl Acetate;Vaccinium Macrocarpon (Cranberry) Seed Oil;Retinyl Palmitate;Ascorbyl Palmitate;Ascorbic Acid;Citric Acid;Bht;Plumeria Rubra Flower Extract;Rosmarinus Officinalis (Rosemary) Leaf Extract;Hexyl Cinnamal;Benzyl Benzoate;Linalool;Hydroxycitronellal;Cinnamyl Alcohol;Red 40 (Ci 16035),",0.0,16.0,2954.0,4.5625,3.4,Moisturizers,17.65,28.52,0.54,cleanser,Very Low (0 - 3k)
Cleanser,ORIGINS,Zero Oil™ Deep Pore Cleanser,23,4.2,"Water; Salvia Officinalis (Sage) Leaf Water, Cocamidopropyl Hydroxysultaine, Coco-Betaine, Sodium Lauroyl Oat Amino Acids, Decyl Glucoside, Sodium Cocoyl Sarcosinate, Polysorbate 20, Sodium Chloride, Butylene Glycol, Disodium Cocoyl Glutamate, Mentha Viridis (Spearmint) Leaf Oil*, Citrus Medica Limonum (Lemon) Peel Oil*, Citrus Aurantium Dulcis (Orange) Oil*, Lavandula Angustifolia (Lavender) Oil*, Cananga Odorata (Ylang Ylang) Oil*, Linalool, Limonene, Serenoa Serrulata (Saw Palmetto) Fruit Extract, Laminaria Saccharina Extract, Salicylic Acid, Poria Cocos Sclerotium Extract, Aloe Barbadensis Leaf Juice, Centaurium Erythraea (Centaury) Extract, Impatiens Balsamina (Garden Balsam) Leaf Extract, Yeast Extract/Faex/Extrait De Levure, Tocotrienols, Glycyrrhetinic Acid, Sodium Cocoyl Glutamate, Glycerin, Peg-6 Caprylic/Capric Glycerides, Peg-150 Pentaerythrityl Tetrastearate, Monosodium Citrate, Citric Acid, Disodium Edta, Potassium Sorbate, Methylisothiazolinone, Methylchloroisothiazolinone, Phenoxyethanol * Essential Oil Please be aware that ingredient lists may change or vary from time to time.� Please refer to the ingredient list on the product package you receive for the most up to date list of ingredients.",0,0,0,0,0,zero_oil_deep_pore_cleanser,origins,cleanser,origins_zero_oil_deep_pore_cleanser,,,,,,,,,,"Water; Salvia Officinalis (Sage) Leaf Water;Cocamidopropyl Hydroxysultaine;Coco-Betaine;Sodium Lauroyl Oat Amino Acids;Decyl Glucoside;Sodium Cocoyl Sarcosinate;Polysorbate 20;Sodium Chloride;Butylene Glycol;Disodium Cocoyl Glutamate;Mentha Viridis (Spearmint) Leaf Oil*;Citrus Medica Limonum (Lemon) Peel Oil*;Citrus Aurantium Dulcis (Orange) Oil*;Lavandula Angustifolia (Lavender) Oil*;Cananga Odorata (Ylang Ylang) Oil*;Linalool;Limonene;Serenoa Serrulata (Saw Palmetto) Fruit Extract;Laminaria Saccharina Extract;Salicylic Acid;Poria Cocos Sclerotium Extract;Aloe Barbadensis Leaf Juice;Centaurium Erythraea (Centaury) Extract;Impatiens Balsamina (Garden Balsam) Leaf Extract;Yeast Extract/Faex/Extrait De Levure;Tocotrienols;Glycyrrhetinic Acid;Sodium Cocoyl Glutamate;Glycerin;Peg-6 Caprylic/Capric Glycerides;Peg-150 Pentaerythrityl Tetrastearate;Monosodium Citrate;Citric Acid;Disodium Edta;Potassium Sorbate;Methylisothiazolinone;Methylchloroisothiazolinone;Phenoxyethanol * Essential Oil Please be aware that ingredient lists may change or vary from time to time,� Please refer to the ingredient list on the product package you receive for the most up to date list of ingredients,",,,,,,,,,,cleanser,nan
Cleanser,LANCÔME,Tonique Douceur Softening Hydrating Toner with Rose Water,26,4.4,Visit the Lancôme boutique,0,0,0,0,0,tonique_douceur_softening_hydrating_toner_with_rose_water,lancôme,cleanser,lancôme_tonique_douceur_softening_hydrating_toner_with_rose_water,,,,,,,,,,Visit the Lancôme boutique,,,,,,,,,,cleanser,nan
Cleanser,HERBIVORE,Bamboo Charcoal Detoxifying Soap Bar,12,4.5,"Saponified Oils of Cocos nucifera (Coconut) Oil, Olea Europaea (Olive) Fruit Oil, Elaeis Guineensis (Sustainable Palm) Oil, Tocopherol (Vitamin E), Kaolinite (White Clay), Activated Bamboo Charcoal, Melaleuca Alternifolia (Tea Tree) Leaf Oil, Citrus Bergamia (Bergamot) Esssential Oil.",1,0,1,1,0,bamboo_charcoal_detoxifying_soap_bar,herbivore,cleanser,herbivore_bamboo_charcoal_detoxifying_soap_bar,,,,,,,,,,"Saponified Oils of Cocos nucifera (Coconut) Oil;Olea Europaea (Olive) Fruit Oil;Elaeis Guineensis (Sustainable Palm) Oil;Tocopherol (Vitamin E);Kaolinite (White Clay);Activated Bamboo Charcoal;Melaleuca Alternifolia (Tea Tree) Leaf Oil;Citrus Bergamia (Bergamot) Esssential Oil,",,,,,,,,,,cleanser,nan
Cleanser,MURAD,Clarifying Toner,24,0.0,"Water, Witch Hazel Water, Butylene Glycol, Alcohol Denat., PPG-5-Ceteth-20, Carrageenan Extract, Cucumber Fruit Extract, Lemon Fruit Extract, Calendula Officinalis Flower Extract, Lecithin, Tocopherol, Magnesium Ascorbyl Phosphate, Allantoin, Palmitoyl Hydroxypropyltrimonium Amylopectin/Glycerin Crosspolymer, Grape Seed Extract, PEG-12 Dimethicone, Menthol, Menthoxypropanediol, Sodium Hydroxide, Phenoxyethanol, Methylparaben, Citral, Cymbopogon Schoenanthus Oil, Blue 1 (CI 42090), Ext. Violet 2 (CI 60730).",0,0,0,0,0,clarifying_toner,murad,cleanser,murad_clarifying_toner,0.0,775.0,15987.0,4.3626,6.0,Treatments,4.17,0.56,4.85,"Witch Hazel Water;Butylene Glycol;Alcohol Denat,;PPG-5-Ceteth-20;Carrageenan Extract;Cucumber Fruit Extract;Lemon Fruit Extract;Calendula Officinalis Flower Extract;Lecithin;Tocopherol;Magnesium Ascorbyl Phosphate;Allantoin;Palmitoyl Hydroxypropyltrimonium Amylopectin/Glycerin Crosspolymer;Grape Seed Extract;PEG-12 Dimethicone;Menthol;Menthoxypropanediol;Sodium Hydroxide;Phenoxyethanol;Methylparaben;Citral;Cymbopogon Schoenanthus Oil;Blue 1 (CI 42090);Ext, Violet 2 (CI 60730),",0.0,775.0,15987.0,4.3626,6.0,Treatments,4.17,0.56,4.85,treatment,High (13k - 26k)
Cleanser,ORIGINS,A Perfect World™ Age-Defense Treatment Lotion with White Tea,25,4.5,"Water, Butylene Glycol, Citrus Aurantium Bergamia (Bergamot) Fruit Oil*, Citrus Medica Limonum (Lemon) Peel Oil*, Citrus Aurantium Dulcis (Orange) Oil*, Cinnamomum Camphora (Camphor) Bark Oil*, Mentha Viridis (Spearmint) Leaf Oil*, Magnolia Acuminata Flower Extract, Iris Pallida (Orris) Root Extract, Rosa Damascena (Rose) Extract, Citral, Linalool, Limonene, Camellia Sinensis (White Tea) Leaf Extract, Glycerin, Thermus Thermophillus Ferment, Trehalose, Sorbitol, Sodium Hyaluronate, Caprylyl Glycol, Polysorbate 20, Magnesium Ascorbyl Phosphate, Hexylene Glycol, Tocopheryl Acetate, Citric Acid, Sodium Citrate, Sodium Benzoate, Phenoxyethanol * Essential Oil Please be aware that ingredient lists may change or vary from time to time.� Please refer to the ingredient list on the product package you receive for the most up to date list of ingredients.",0,0,0,0,0,a_perfect_world_age_defense_treatment_lotion_with_white_tea,origins,cleanser,origins_a_perfect_world_age_defense_treatment_lotion_with_white_tea,,,,,,,,,,"Butylene Glycol;Citrus Aurantium Bergamia (Bergamot) Fruit Oil*;Citrus Medica Limonum (Lemon) Peel Oil*;Citrus Aurantium Dulcis (Orange) Oil*;Cinnamomum Camphora (Camphor) Bark Oil*;Mentha Viridis (Spearmint) Leaf Oil*;Magnolia Acuminata Flower Extract;Iris Pallida (Orris) Root Extract;Rosa Damascena (Rose) Extract;Citral;Linalool;Limonene;Camellia Sinensis (White Tea) Leaf Extract;Glycerin;Thermus Thermophillus Ferment;Trehalose;Sorbitol;Sodium Hyaluronate;Caprylyl Glycol;Polysorbate 20;Magnesium Ascorbyl Phosphate;Hexylene Glycol;Tocopheryl Acetate;Citric Acid;Sodium Citrate;Sodium Benzoate;Phenoxyethanol * Essential Oil Please be aware that ingredient lists may change or vary from time to time,� Please refer to the ingredient list on the product package you receive for the most up to date list of ingredients,",,,,,,,,,,cleanser,nan
Cleanser,KOPARI,Coconut Rose Toner,24,4.5,"Water, Hamamelis Virginiana (Witch Hazel), Polysorbate-20, Peg-40 Hydrogenated Castor Oil, Caprylic/Capric Triglyceride, Coconut Nucifera (Coconut) Extract, Tetrasodium Glutamate Diacetate, Phenoxyethanol, Lavandula Angustifolia (Lavender) Extract, Rose Extract, Vanilla Planifolia (Vanilla Bean) Fruit Extract, Cymbopogon Martini (Palmarosa) Oil, Sodium Hyaluronate, Chamomilla Recutita Flower/Leaf (Organic Chamomile) Extract, Algae (Seaweed) Extract, Ethylhexylglycerin, Citric Acid.",1,1,1,1,1,coconut_rose_toner,kopari,cleanser,kopari_coconut_rose_toner,,,,,,,,,,"Hamamelis Virginiana (Witch Hazel);Polysorbate-20;Peg-40 Hydrogenated Castor Oil;Caprylic/Capric Triglyceride;Coconut Nucifera (Coconut) Extract;Tetrasodium Glutamate Diacetate;Phenoxyethanol;Lavandula Angustifolia (Lavender) Extract;Rose Extract;Vanilla Planifolia (Vanilla Bean) Fruit Extract;Cymbopogon Martini (Palmarosa) Oil;Sodium Hyaluronate;Chamomilla Recutita Flower/Leaf (Organic Chamomile) Extract;Algae (Seaweed) Extract;Ethylhexylglycerin;Citric Acid,",,,,,,,,,,cleanser,nan
Cleanser,SEPHORA COLLECTION,Micellar Cleansing Water & Milk,7,4.1,Visit the SEPHORA COLLECTION boutique,1,1,1,1,1,micellar_cleansing_water_milk,sephora_collection,cleanser,sephora_collection_micellar_cleansing_water_milk,,,,,,,,,,Visit the SEPHORA COLLECTION boutique,,,,,,,,,,cleanser,nan
Cleanser,LANCER,The Method: Polish Blemish Control,75,4.7,"Water, Sodium C14-16 Olefin Sulfonate, Acrylates Copolymer, Glycerin, Cocamidopropyl Betaine, Mannitol, Jojoba beads, Syringa Vulgaris (Lilac) Leaf Cell Culture Extract, Mentha Piperita (Peppermint) Oil, Melaleuca Alternifolia (Tea Tree) Leaf Oil, Hydroxypropyl Methylcellulose, Sodium PCA, Cellulose, Salicylic Acid, Disodium Cocoamphodiacetate, Panthenol, Niacinamide, Dextrin, Maltodextrin, Amylopectin, Disodium EDTA, Sodium Hydroxide, Polydextrose, Caprylyl Glycol, Phenoxyethanol, Chlorphenesin, Methylisothiazolinone, Methylchloroisothiazolinone, Fragrance, Limonene, Iron Oxides (CI 77492).",1,0,1,1,0,the_method:_polish_blemish_control,lancer,cleanser,lancer_the_method:_polish_blemish_control,0.0,24.0,5059.0,4.7917,4.2,Treatments,17.86,19.97,0.47,"Sodium C14-16 Olefin Sulfonate;Acrylates Copolymer;Glycerin;Cocamidopropyl Betaine;Mannitol;Jojoba beads;Syringa Vulgaris (Lilac) Leaf Cell Culture Extract;Mentha Piperita (Peppermint) Oil;Melaleuca Alternifolia (Tea Tree) Leaf Oil;Hydroxypropyl Methylcellulose;Sodium PCA;Cellulose;Salicylic Acid;Disodium Cocoamphodiacetate;Panthenol;Niacinamide;Dextrin;Maltodextrin;Amylopectin;Disodium EDTA;Sodium Hydroxide;Polydextrose;Caprylyl Glycol;Phenoxyethanol;Chlorphenesin;Methylisothiazolinone;Methylchloroisothiazolinone;Fragrance;Limonene;Iron Oxides (CI 77492),",0.0,24.0,5059.0,4.7917,4.2,Treatments,17.86,19.97,0.47,cleanser,Low (3k - 7k)
Cleanser,SEPHORA COLLECTION,Micellar Cleansing Water & Milk - Pomegranate,7,4.2,No Info,1,1,1,1,1,micellar_cleansing_water_milk_pomegranate,sephora_collection,cleanser,sephora_collection_micellar_cleansing_water_milk_pomegranate,,,,,,,,,,No Info,,,,,,,,,,cleanser,nan
Cleanser,ORIGINS,Zero Oil™ Pore Purifying Toner,23,4.3,"Water; Salvia Officinalis (Sage) Leaf Water, Alcohol Denat., Glycerin, Mentha Viridis (Spearmint) Leaf Oil*, Citrus Medica Limonum (Lemon) Peel Oil*, Citrus Aurantium Dulcis (Orange) Oil*, Lavandula Angustifolia (Lavender) Oil*, Cananga Odorata (Ylang Ylang) Oil*, Citral, Linalool, Farnesol, Benzyl Benzoate, Benzyl Salicylate, Limonene, Serenoa Serrulata (Saw Palmetto) Fruit Extract, Laminaria Saccharina Extract, Salicylic Acid, Poria Cocos Sclerotium Extract, Aloe Barbadensis Leaf Juice, Centaurium Erythraea (Centaury) Extract, Impatiens Balsamina (Garden Balsam) Leaf Extract, Yeast Extract/Faex/Extrait De Levure, Polysorbate 80, Tocotrienols, Butylene Glycol, Sodium Citrate, Disodium Edta * Essential Oil Please be aware that ingredient lists may change or vary from time to time.� Please refer to the ingredient list on the product package you receive for the most up to date list of ingredients.",0,0,0,0,0,zero_oil_pore_purifying_toner,origins,cleanser,origins_zero_oil_pore_purifying_toner,,,,,,,,,,"Water; Salvia Officinalis (Sage) Leaf Water;Alcohol Denat,;Glycerin;Mentha Viridis (Spearmint) Leaf Oil*;Citrus Medica Limonum (Lemon) Peel Oil*;Citrus Aurantium Dulcis (Orange) Oil*;Lavandula Angustifolia (Lavender) Oil*;Cananga Odorata (Ylang Ylang) Oil*;Citral;Linalool;Farnesol;Benzyl Benzoate;Benzyl Salicylate;Limonene;Serenoa Serrulata (Saw Palmetto) Fruit Extract;Laminaria Saccharina Extract;Salicylic Acid;Poria Cocos Sclerotium Extract;Aloe Barbadensis Leaf Juice;Centaurium Erythraea (Centaury) Extract;Impatiens Balsamina (Garden Balsam) Leaf Extract;Yeast Extract/Faex/Extrait De Levure;Polysorbate 80;Tocotrienols;Butylene Glycol;Sodium Citrate;Disodium Edta * Essential Oil Please be aware that ingredient lists may change or vary from time to time,� Please refer to the ingredient list on the product package you receive for the most up to date list of ingredients,",,,,,,,,,,cleanser,nan
Cleanser,SUNDAY RILEY,Martian Mattifying Melting Water-Gel Toner,55,3.9,"Water, Alcohol Denat., Dicaprylyl Carbonate, Dimethyl Isosorbide, Sorbeth-30 Tetraisostearate, Sorbitan Sesquiisostearate, PPG-8 Ceteth-20, Acrylates/Beheneth-25 Methacrylate Copolymer, Dipropylene Glycol, Taraktogenos Kurzii Seed Oil, Nigella Sativa (Black Cumin) Seed Oil, Leptospermum Scoparium (Manuka) Branch/Leaf Oil, Potassium Lauroyl Wheat Amino Acids, Palm Glycerides, Capryloyl Glycine, Magnolia Grandiflora Bark Extract, Lauryl Lactate, Phenoxyethanol, Caprylyl Glycol, Chlorphenesin, Tapioca Starch, Polymethylsilsesquioxane, Bentonite, Tapioca Starch (and) Polymethylsilsequioxane, Lauryl Lactate, Phenoxyethanol, Propanediol, Cucumis Sativus (Cucumber) Fruit Extract, Althaea Officinalis (Marshmallow) Root Extract, Hammamelis Virginiana (Witch Hazel) Leaf Extract, Camellia Sinensis (Green Tea) Leaf Extract, Cymbopogan Schoenanthus (Lemongrass) Oil, Chlorphenesin, Caprylyl Glycol, Triethanolamine, Melia Azadirachta Leaf Extract, Melia Azadirachta Flower Extract, Amino Esters-1, Mimosa Tenuiflora Bark Extract, Coccinia Indica Fruit Extract, Solanum Melongena (Eggplant) Fruit Extract, Aloe Barbadensis Flower Extract, Lawsonia Inermis (Henna) Extract, Ocimum Sanctum Leaf Extract, Curcuma Longa (Turmeric) Root Extract, Corallina Officinalis Extract, Ocimum Basilicum (Basil) Flower/Leaf Extract, Pearl Powder.",1,0,1,1,1,martian_mattifying_melting_water_gel_toner,sunday_riley,cleanser,sunday_riley_martian_mattifying_melting_water_gel_toner,,,,,,,,,,"Alcohol Denat,;Dicaprylyl Carbonate;Dimethyl Isosorbide;Sorbeth-30 Tetraisostearate;Sorbitan Sesquiisostearate;PPG-8 Ceteth-20;Acrylates/Beheneth-25 Methacrylate Copolymer;Dipropylene Glycol;Taraktogenos Kurzii Seed Oil;Nigella Sativa (Black Cumin) Seed Oil;Leptospermum Scoparium (Manuka) Branch/Leaf Oil;Potassium Lauroyl Wheat Amino Acids;Palm Glycerides;Capryloyl Glycine;Magnolia Grandiflora Bark Extract;Lauryl Lactate;Phenoxyethanol;Caprylyl Glycol;Chlorphenesin;Tapioca Starch;Polymethylsilsesquioxane;Bentonite;Tapioca Starch (and) Polymethylsilsequioxane;Lauryl Lactate;Phenoxyethanol;Propanediol;Cucumis Sativus (Cucumber) Fruit Extract;Althaea Officinalis (Marshmallow) Root Extract;Hammamelis Virginiana (Witch Hazel) Leaf Extract;Camellia Sinensis (Green Tea) Leaf Extract;Cymbopogan Schoenanthus (Lemongrass) Oil;Chlorphenesin;Caprylyl Glycol;Triethanolamine;Melia Azadirachta Leaf Extract;Melia Azadirachta Flower Extract;Amino Esters-1;Mimosa Tenuiflora Bark Extract;Coccinia Indica Fruit Extract;Solanum Melongena (Eggplant) Fruit Extract;Aloe Barbadensis Flower Extract;Lawsonia Inermis (Henna) Extract;Ocimum Sanctum Leaf Extract;Curcuma Longa (Turmeric) Root Extract;Corallina Officinalis Extract;Ocimum Basilicum (Basil) Flower/Leaf Extract;Pearl Powder,",,,,,,,,,,cleanser,nan
Cleanser,PHILOSOPHY,Purity Made Simple One-Step Facial Cleansing Cloths,15,3.9,"Water, Butylene Glycol, Sodium Citrate, Gluconolactone, Limnanthes Alba (Meadowfoam) Seed Oil, Santalum Album (Sandalwood) Oil, Salvia Sclarea (Clary) Oil, Rosa Centifolia Flower Oil, Piper Nigrum (Pepper) Fruit Oil, Aniba Rosaeodora (Rosewood) Wood Oil, Amyris Balsamifera Bark Oil, Bulnesia Sarmientoi Wood Oil, Daucus Carota Sativa (Carrot) Seed Oil, Cymbopogon Martini Oil, Mimosa Tenuiflora Bark Extract, Ormenis Multicaulis Oil, Pelargonium Graveolens Flower Oil, Tocopherol, Glycerin, Calcium Gluconate, Cetyl Palmitate, Cetearyl Isononanoate, Ethylhexylglycerin, Glyceryl Stearate, Cetearyl Alcohol, Ceteareth-12, Ceteareth-20, Sodium Hydroxide, Sodium Benzoate, Phenoxyethanol, Benzoic Acid, Geraniol, Linalool.",0,0,0,0,0,purity_made_simple_one_step_facial_cleansing_cloths,philosophy,cleanser,philosophy_purity_made_simple_one_step_facial_cleansing_cloths,,,,,,,,,,"Butylene Glycol;Sodium Citrate;Gluconolactone;Limnanthes Alba (Meadowfoam) Seed Oil;Santalum Album (Sandalwood) Oil;Salvia Sclarea (Clary) Oil;Rosa Centifolia Flower Oil;Piper Nigrum (Pepper) Fruit Oil;Aniba Rosaeodora (Rosewood) Wood Oil;Amyris Balsamifera Bark Oil;Bulnesia Sarmientoi Wood Oil;Daucus Carota Sativa (Carrot) Seed Oil;Cymbopogon Martini Oil;Mimosa Tenuiflora Bark Extract;Ormenis Multicaulis Oil;Pelargonium Graveolens Flower Oil;Tocopherol;Glycerin;Calcium Gluconate;Cetyl Palmitate;Cetearyl Isononanoate;Ethylhexylglycerin;Glyceryl Stearate;Cetearyl Alcohol;Ceteareth-12;Ceteareth-20;Sodium Hydroxide;Sodium Benzoate;Phenoxyethanol;Benzoic Acid;Geraniol;Linalool,",,,,,,,,,,cleanser,nan
Cleanser,SATURDAY SKIN,Rub-A-Dub Refining Peel Gel,28,4.6,"Water, Glycerin, Cellulose, Butylene Glycol, Alcohol Denat., Dipropylene Glycol, Pentylene Glycol, Ceteareth-12, Citrus Limon (Lemon) Peel Oil, Juniperus Mexicana Oil, Citrus Aurantium Dulcis (Orange) Peel Oil, Citrus Grandis (Grapefruit) Peel Oil, Eucalyptus Globulus Leaf Oil, Lavandula Angustifolia (Lavender) Oil, Rosmarinus Officinalis (Rosemary) Leaf Oil, Aloe Barbadensis Leaf Polysaccharides, Phoenix Dactylifera (Date) Seed, 1,2-Hexanediol, Triethanolamine, Polysorbate 20, Caprylyl Glycol, Lactose, Hydroxypropyl Methylcellulose, Ethylhexylglycerin, Jojoba Esters, Hydrogenated Licithin, Mannitol, Ascorbyl Palmitate, Tocopheryl Acetate, Cholesterol, Peg-800, Bromelain, Papain, Ascorbic Acid, Sh-Oligopeptide-1, Sh-Polypeptide-1, Sh-Oligopeptide-2, Sh-Polypeptide-22, Sh-Polypeptide-45, Sh-Polypeptide-8, Sh-Polypeptide-9, Carbomer, Disodium Edta, Ultramarines (Ci 77007).",1,1,1,1,1,rub_a_dub_refining_peel_gel,saturday_skin,cleanser,saturday_skin_rub_a_dub_refining_peel_gel,,,,,,,,,,"Glycerin;Cellulose;Butylene Glycol;Alcohol Denat,;Dipropylene Glycol;Pentylene Glycol;Ceteareth-12;Citrus Limon (Lemon) Peel Oil;Juniperus Mexicana Oil;Citrus Aurantium Dulcis (Orange) Peel Oil;Citrus Grandis (Grapefruit) Peel Oil;Eucalyptus Globulus Leaf Oil;Lavandula Angustifolia (Lavender) Oil;Rosmarinus Officinalis (Rosemary) Leaf Oil;Aloe Barbadensis Leaf Polysaccharides;Phoenix Dactylifera (Date) Seed;1,2-Hexanediol;Triethanolamine;Polysorbate 20;Caprylyl Glycol;Lactose;Hydroxypropyl Methylcellulose;Ethylhexylglycerin;Jojoba Esters;Hydrogenated Licithin;Mannitol;Ascorbyl Palmitate;Tocopheryl Acetate;Cholesterol;Peg-800;Bromelain;Papain;Ascorbic Acid;Sh-Oligopeptide-1;Sh-Polypeptide-1;Sh-Oligopeptide-2;Sh-Polypeptide-22;Sh-Polypeptide-45;Sh-Polypeptide-8;Sh-Polypeptide-9;Carbomer;Disodium Edta;Ultramarines (Ci 77007),",,,,,,,,,,cleanser,nan
Cleanser,VOLITION BEAUTY,Turmeric Brightening Polish,38,4.6,"Glycerin, Caprylic/Capric Triglyceride, Ethyl Macadamiate, Sodium Laurylglucosides Hydroxypropylsulfonate, Olea Europaea (Olive) Fruit Oil, Juglans Regia (Walnut) Shell Powder, Helianthus Annuus (Sunflower) Seed Oil, Sesamum Indicum (Sesame) Seed Oil, Graham Flour, Tocopherol, Sucrose Palmitate, Glyceryl Caprylate, Silica, Curcuma Longa (Turmeric) Root Extract, Ground Turmeric, Glyceryl Undecylenate, Leuconostoc/Radish Root Ferment Filtrate, Santalum Album (Sandalwood) Extract, Water.",1,1,1,1,1,turmeric_brightening_polish,volition_beauty,cleanser,volition_beauty_turmeric_brightening_polish,,,,,,,,,,"Glycerin;Caprylic/Capric Triglyceride;Ethyl Macadamiate;Sodium Laurylglucosides Hydroxypropylsulfonate;Olea Europaea (Olive) Fruit Oil;Juglans Regia (Walnut) Shell Powder;Helianthus Annuus (Sunflower) Seed Oil;Sesamum Indicum (Sesame) Seed Oil;Graham Flour;Tocopherol;Sucrose Palmitate;Glyceryl Caprylate;Silica;Curcuma Longa (Turmeric) Root Extract;Ground Turmeric;Glyceryl Undecylenate;Leuconostoc/Radish Root Ferment Filtrate;Santalum Album (Sandalwood) Extract;Water,",,,,,,,,,,cleanser,nan
Cleanser,PHILOSOPHY,Ultimate Miracle Worker Multi-Rejuvenating Retinol + Superfood Oil and Pads,75,4.1,"Cyclopentasiloxane, Dimethicone, Tetrahexyldecyl Ascorbate, Caprylic/Capric Glycerides, Argania Spinosa Kernel Oil, Tocopheryl Acetate, Bisabolol, C12-15 Alkyl Benzoate, Squalene, Plukenetia Volubilis Seed Oil, Retinol, Bht, Cocos Nucifera (Coconut) Oil, Medicago Sativa (Alfalfa) Extract, Olea Europaea (Olive) Fruit Oil, Carthamus Tinctorius (Safflower) Seed Oil, Orchis Mascula Flower Extract, Punica Granatum Seed Oil, Farnesol, Tocopherol.",1,1,1,1,1,ultimate_miracle_worker_multi_rejuvenating_retinol_superfood_oil_and_pads,philosophy,cleanser,philosophy_ultimate_miracle_worker_multi_rejuvenating_retinol_superfood_oil_and_pads,,,,,,,,,,"Cyclopentasiloxane;Dimethicone;Tetrahexyldecyl Ascorbate;Caprylic/Capric Glycerides;Argania Spinosa Kernel Oil;Tocopheryl Acetate;Bisabolol;C12-15 Alkyl Benzoate;Squalene;Plukenetia Volubilis Seed Oil;Retinol;Bht;Cocos Nucifera (Coconut) Oil;Medicago Sativa (Alfalfa) Extract;Olea Europaea (Olive) Fruit Oil;Carthamus Tinctorius (Safflower) Seed Oil;Orchis Mascula Flower Extract;Punica Granatum Seed Oil;Farnesol;Tocopherol,",,,,,,,,,,cleanser,nan
Cleanser,KATE SOMERVILLE,Detox Daily Cleanser,36,4.3,"Water, Sodium Laureth Sulfate, Acrylates Copolymer, Cocamidopropyl Betaine, Glycerin, Polysorbate 20, Phytic Acid, Sodium Hydroxide, Salicylic Acid, Sodium Citrate, Butylene Glycol, Citrus Reticulata (Tangerine) Peel Oil, Sodium PCA, Melaleuca Alternifolia (Tea Tree) Leaf Oil, Cyanocobalamin, Urea, Panthenol, Glycolic Acid, Lactic Acid, Allantoin, Aloe Barbadensis Leaf Juice Powder, Sodium Riboflavin Phosphate, Citric Acid, Disodium EDTA, Potassium Sorbate, Sodium Benzoate, Chlorphenesin, Limonene.",1,0,1,1,0,detox_daily_cleanser,kate_somerville,cleanser,kate_somerville_detox_daily_cleanser,,,,,,,,,,"Sodium Laureth Sulfate;Acrylates Copolymer;Cocamidopropyl Betaine;Glycerin;Polysorbate 20;Phytic Acid;Sodium Hydroxide;Salicylic Acid;Sodium Citrate;Butylene Glycol;Citrus Reticulata (Tangerine) Peel Oil;Sodium PCA;Melaleuca Alternifolia (Tea Tree) Leaf Oil;Cyanocobalamin;Urea;Panthenol;Glycolic Acid;Lactic Acid;Allantoin;Aloe Barbadensis Leaf Juice Powder;Sodium Riboflavin Phosphate;Citric Acid;Disodium EDTA;Potassium Sorbate;Sodium Benzoate;Chlorphenesin;Limonene,",,,,,,,,,,cleanser,nan
Cleanser,TOO FACED,Mascara Melt Off Cleansing Oil,17,4.2,"Neopentyl Glycol Dicaprylate/Dicaprate, Isohexadecane, Disteardimonium Hectorite, Propylene Carbonate, DI-PPG-3 Myristyl Ether Adipate, Squalane, Oryza Sativa (Rice) Extract/Oryza Sativa Extract, Hexyldecanol, Glycine Soja (Soybean) Oil/Glycine Soja Oil, Bisabolol, Cetylhydroxyproline Palmitamide, Stearic Acid, Brassica Campestris (Rapeseed) Sterols/Brassica Campestris Sterols, Camellia Sinensis Leaf Extract, Phenoxyethanol.",0,0,0,0,0,mascara_melt_off_cleansing_oil,too_faced,cleanser,too_faced_mascara_melt_off_cleansing_oil,,,,,,,,,,"Neopentyl Glycol Dicaprylate/Dicaprate;Isohexadecane;Disteardimonium Hectorite;Propylene Carbonate;DI-PPG-3 Myristyl Ether Adipate;Squalane;Oryza Sativa (Rice) Extract/Oryza Sativa Extract;Hexyldecanol;Glycine Soja (Soybean) Oil/Glycine Soja Oil;Bisabolol;Cetylhydroxyproline Palmitamide;Stearic Acid;Brassica Campestris (Rapeseed) Sterols/Brassica Campestris Sterols;Camellia Sinensis Leaf Extract;Phenoxyethanol,",,,,,,,,,,cleanser,nan
Cleanser,ORIGINS,Plantscription™ Anti-Aging Cleanser,33,4.3,"Water, Myristic Acid, Glycerin, Behenic Acid, Palmitic Acid, Potassium Hydroxide, Sodium Methyl Cocoyl Taurate, Lauric Acid, Stearic Acid, Rosa Damascena Flower Oil*, Lavandula Angustifolia (Lavender) Oil* Pelargonium Graveolens Flower Oil*, Illicium Verum (Anise) Oil*, Citrus Aurantium Bergamia (Bergamot) Fruit Oil*, Carthamus Tinctorius (Safflower) Seed Oil*, Myristica Fragrans (Nutmeg) Kernel Oil*, Citrus Aurantium Dulcis (Orange) Oil*, Citrus Nobilis (Mandarin Orange) Peel Oil*, Citrus Medica Limonum (Lemon) Peel Oil*, Litsea Cubeba Fruit Oil*, Hibiscus Abelmoschus Extract, Linalool, Citronellol, Limonene, Anogeissus Leiocarpus Bark Extract, Aloe Barbadensis Leaf Extract, Jasminum Officinale (Jasmine) Flower Wax, Sodium Lauroyl Oat Amino Acids, Peg-3 Distearate, Sodium Hyaluronate, Phytantriol, Disodium Edta, Methylchloroisothiazolinone, Methylisothiazolinone, Phenoxyethanol * Essential Oil Please be aware that ingredient lists may change or vary from time to time.� Please refer to the ingredient list on the product package you receive for the most up to date list of ingredients.",0,0,0,0,0,plantscription_anti_aging_cleanser,origins,cleanser,origins_plantscription_anti_aging_cleanser,,,,,,,,,,"Myristic Acid;Glycerin;Behenic Acid;Palmitic Acid;Potassium Hydroxide;Sodium Methyl Cocoyl Taurate;Lauric Acid;Stearic Acid;Rosa Damascena Flower Oil*;Lavandula Angustifolia (Lavender) Oil* Pelargonium Graveolens Flower Oil*;Illicium Verum (Anise) Oil*;Citrus Aurantium Bergamia (Bergamot) Fruit Oil*;Carthamus Tinctorius (Safflower) Seed Oil*;Myristica Fragrans (Nutmeg) Kernel Oil*;Citrus Aurantium Dulcis (Orange) Oil*;Citrus Nobilis (Mandarin Orange) Peel Oil*;Citrus Medica Limonum (Lemon) Peel Oil*;Litsea Cubeba Fruit Oil*;Hibiscus Abelmoschus Extract;Linalool;Citronellol;Limonene;Anogeissus Leiocarpus Bark Extract;Aloe Barbadensis Leaf Extract;Jasminum Officinale (Jasmine) Flower Wax;Sodium Lauroyl Oat Amino Acids;Peg-3 Distearate;Sodium Hyaluronate;Phytantriol;Disodium Edta;Methylchloroisothiazolinone;Methylisothiazolinone;Phenoxyethanol * Essential Oil Please be aware that ingredient lists may change or vary from time to time,� Please refer to the ingredient list on the product package you receive for the most up to date list of ingredients,",1.0,53.0,5117.0,4.0,1.0,,60.0,7.55,1.04,cleanser,nan
Cleanser,SEPHORA COLLECTION,Cleansing Wipes - Cucumber - Anti-fatigue,7,4.4,No Info,0,0,0,0,0,cleansing_wipes_cucumber_anti_fatigue,sephora_collection,cleanser,sephora_collection_cleansing_wipes_cucumber_anti_fatigue,,,,,,,,,,No Info,,,,,,,,,,cleanser,nan
Cleanser,SHISEIDO,Ibuki Softening Concentrate,24,4.4,"Water, Dipropylene Glycol, Glycerin, Sd Alcohol 40-b (Alcohol Denat.), Peg-8,Peg/ppg-17/4 Dimethyl Ether, Butylene Glycol, Trehalose, Phenoxyethanol, Peg-60 Hydrogenated Castor Oil, Hydrogenated Polydecene, Isostearyl Alcohol, Isostearic Acid, Carbomer, Betaine, Erythritol, Peg/Ppg-14/7 Dimethyl Ether, Alcohol, Behenyl Alcohol, Fragrance, Polyglyceryl-2 Diisostearate, Xanthan Gum, Sodium Stearoyl Glutamate, Sodium Metaphosphate, Potassium Hydroxide, Stearyl Alcohol, Phytosteryl/Octyldodecyl Lauroyl Glutamate, Limonene, Hexyl Cinnamal, Butylphenyl Methylpropional, Benzyl Benzoate, Linalool, Lamium Album Flower Extract, Citrus Junos Seed Extract, Tocopherol.",0,0,0,0,0,ibuki_softening_concentrate,shiseido,cleanser,shiseido_ibuki_softening_concentrate,,,,,,,,,,"Dipropylene Glycol;Glycerin;Sd Alcohol 40-b (Alcohol Denat,);Peg-8;Peg/ppg-17/4 Dimethyl Ether;Butylene Glycol;Trehalose;Phenoxyethanol;Peg-60 Hydrogenated Castor Oil;Hydrogenated Polydecene;Isostearyl Alcohol;Isostearic Acid;Carbomer;Betaine;Erythritol;Peg/Ppg-14/7 Dimethyl Ether;Alcohol;Behenyl Alcohol;Fragrance;Polyglyceryl-2 Diisostearate;Xanthan Gum;Sodium Stearoyl Glutamate;Sodium Metaphosphate;Potassium Hydroxide;Stearyl Alcohol;Phytosteryl/Octyldodecyl Lauroyl Glutamate;Limonene;Hexyl Cinnamal;Butylphenyl Methylpropional;Benzyl Benzoate;Linalool;Lamium Album Flower Extract;Citrus Junos Seed Extract;Tocopherol,",,,,,,,,,,cleanser,nan
Cleanser,ORIGINS,United State™ Balancing Tonic,23,4.3,"Water; Lavandula Angustifolia (Lavender) Flower Extract, Anthemis Nobilis (Chamomile) Flower Extract, Alcohol Denat., Butylene Glycol, Anthemis Nobilis Flower Oil*, Mentha Viridis (Spearmint) Leaf Oil*, Pelargonium Graveolens Flower Oil*, Lavandula Hybrida Oil*, Citrus Aurantium Bergamia (Bergamot) Fruit Oil*, Styrax Benzoin Gum, Geraniol, Linalool, Citronellol, Eugenol, Limonene, Hamamelis Virginiana (Witch Hazel) Extract, Oryza Sativa (Rice) Bran Extract, Cladosiphon Okamuranus Extract, Laminaria Saccharina Extract, Eugenia Caryophyllus (Clove) Flower Extract, Hydrolyzed Soy Protein, Hydrolyzed Wheat Protein, Hydrolyzed Corn Protein, Coconut Acid, Jojoba Wax Peg-120 Esters, Caffeine, Glycerin, Polyquaternium-7, Sodium Hyaluronate, Dextrin, Yeast Extract/Faex/Extrait De Levure, Disodium Edta, Phenoxyethanol * Essential Oil Please be aware that ingredient lists may change or vary from time to time.� Please refer to the ingredient list on the product package you receive for the most up to date list of ingredients.",0,0,0,0,0,united_state_balancing_tonic,origins,cleanser,origins_united_state_balancing_tonic,,,,,,,,,,"Water; Lavandula Angustifolia (Lavender) Flower Extract;Anthemis Nobilis (Chamomile) Flower Extract;Alcohol Denat,;Butylene Glycol;Anthemis Nobilis Flower Oil*;Mentha Viridis (Spearmint) Leaf Oil*;Pelargonium Graveolens Flower Oil*;Lavandula Hybrida Oil*;Citrus Aurantium Bergamia (Bergamot) Fruit Oil*;Styrax Benzoin Gum;Geraniol;Linalool;Citronellol;Eugenol;Limonene;Hamamelis Virginiana (Witch Hazel) Extract;Oryza Sativa (Rice) Bran Extract;Cladosiphon Okamuranus Extract;Laminaria Saccharina Extract;Eugenia Caryophyllus (Clove) Flower Extract;Hydrolyzed Soy Protein;Hydrolyzed Wheat Protein;Hydrolyzed Corn Protein;Coconut Acid;Jojoba Wax Peg-120 Esters;Caffeine;Glycerin;Polyquaternium-7;Sodium Hyaluronate;Dextrin;Yeast Extract/Faex/Extrait De Levure;Disodium Edta;Phenoxyethanol * Essential Oil Please be aware that ingredient lists may change or vary from time to time,� Please refer to the ingredient list on the product package you receive for the most up to date list of ingredients,",,,,,,,,,,cleanser,nan
Cleanser,BOSCIA,Black Charcoal Blotting Linens,10,4.3,"100% Natural Abaca Leaf Fiber, Binchotan Charcoal Paste.",0,0,0,0,0,black_charcoal_blotting_linens,boscia,cleanser,boscia_black_charcoal_blotting_linens,,,,,,,,,,"100% Natural Abaca Leaf Fiber;Binchotan Charcoal Paste,",,,,,,,,,,cleanser,nan
Cleanser,SUNDAY RILEY,Blue Moon Tranquility Cleansing Balm,50,4.4,"Caprylic/Capric Triglyceride, Sucrose Laurate, Jojoba Esters, Acacia Decurrens Flower Wax, Glycerin, Helianthus Annuus (Sunflower) Seed Wax, Polyglycerin-3, Glyceryl behenate, C10-18 Triglycerides, Theobroma Cacao (Cocoa) Seed Butter, PEG-8 beeswax, Cetyl Alcohol , Ceteth-20, Steareth-20, Polyglyceryl-6, Polyglyceryl-3 Beeswaxl, Squalene, Tangerine (Citrus Tangerina) Oil, Citrus sinensis (Sweet Orange) Oil, Tanacetum annuum (Blue Tansy) Leaf Oil, Matricaria recutita (German Chamomile) Essential Oil, Vanilla planifolia fruit extract, Ylang ylang (Canaga Odorata) Flower Oil, Citrus aurantium var. Amara (Neroli) Flower Oil, Anthemis nobilis (Chamomile Roman) Flower Oil, Phenoxyethanol, Moringa Oil/ Hydrogenated Moringa Oil Esters (Moringa Butter), Chlorphenesin, Caprylyl Glycol.",0,0,0,0,0,blue_moon_tranquility_cleansing_balm,sunday_riley,cleanser,sunday_riley_blue_moon_tranquility_cleansing_balm,,,,,,,,,,"Caprylic/Capric Triglyceride;Sucrose Laurate;Jojoba Esters;Acacia Decurrens Flower Wax;Glycerin;Helianthus Annuus (Sunflower) Seed Wax;Polyglycerin-3;Glyceryl behenate;C10-18 Triglycerides;Theobroma Cacao (Cocoa) Seed Butter;PEG-8 beeswax;Cetyl Alcohol;Ceteth-20;Steareth-20;Polyglyceryl-6;Polyglyceryl-3 Beeswaxl;Squalene;Tangerine (Citrus Tangerina) Oil;Citrus sinensis (Sweet Orange) Oil;Tanacetum annuum (Blue Tansy) Leaf Oil;Matricaria recutita (German Chamomile) Essential Oil;Vanilla planifolia fruit extract;Ylang ylang (Canaga Odorata) Flower Oil;Citrus aurantium var, Amara (Neroli) Flower Oil;Anthemis nobilis (Chamomile Roman) Flower Oil;Phenoxyethanol;Moringa Oil/ Hydrogenated Moringa Oil Esters (Moringa Butter);Chlorphenesin;Caprylyl Glycol,",,,,,,,,,,cleanser,nan
Cleanser,SHISEIDO,Future Solution LX Extra Rich Cleansing Foam,60,4.3,"Myristic Acid, Glycerin, Stearic Acid, Potassium Hydroxide, Sorbitol, Dipropylene Glycol, Lauric Acid, Peg-20 Glyceryl Isostearate, Peg-6, Peg-32, Sodium Methyl Cocoyl Taurate, Glyceryl Stearate Se, Glycol Distearate, Polyquaternium-7, Fragrance (Parfum), Trisodium Edta, Sodium Methyltaurate, Butylene Glycol, Linalool, Citronellol, Geraniol, Butylphenyl Methylpropional, Sodium Metabisulfite, Prunus Speciosa Leaf Extract, Iron Oxides (Ci 77492), Iron Oxides (Ci 77491).",1,1,1,1,1,future_solution_lx_extra_rich_cleansing_foam,shiseido,cleanser,shiseido_future_solution_lx_extra_rich_cleansing_foam,,,,,,,,,,"Myristic Acid;Glycerin;Stearic Acid;Potassium Hydroxide;Sorbitol;Dipropylene Glycol;Lauric Acid;Peg-20 Glyceryl Isostearate;Peg-6;Peg-32;Sodium Methyl Cocoyl Taurate;Glyceryl Stearate Se;Glycol Distearate;Polyquaternium-7;Fragrance (Parfum);Trisodium Edta;Sodium Methyltaurate;Butylene Glycol;Linalool;Citronellol;Geraniol;Butylphenyl Methylpropional;Sodium Metabisulfite;Prunus Speciosa Leaf Extract;Iron Oxides (Ci 77492);Iron Oxides (Ci 77491),",,,,,,,,,,cleanser,nan
Cleanser,BELIF,Creamy Cleansing Foam Moist,26,4.1,"Myristic Acid, Water, Glycerin, Butylene Glycol, Stearic Acid, Potassium Hydroxide, Glyceryl Stearate, PEG-100 Stearate, Sodium Methyl Cocoyl Taurate, PEG-40 Hydrogenated Castor Oil, Hydrogenated Polydecene, *Avena Sativa (Oat) Kernel Extract, *Calendula Officinalis Flower Extract, *Nepeta Cataria Extract, *Rubus Idaeus (Raspberry) Leaf Extract, *Baptisia Tinctoria Root Extract, *Stellaria Media (Chickweed) Extract, Saponaria Officinalis Leaf Extract, Sapindus Mukurossi Fruit Extract, Benincasa Cerifera Seed Extract, Acorus Calamus Root Extract, Artemisia Princeps Leaf Powder, Tocopheryl Acetate, Polyquaternium-7, 1,2-Hexanediol, Trisodium EDTA, **Fragrance, Citronnellol, Limonene. *Napiers Original Formula. **Fragrances of Natural Origin.",0,0,0,0,0,creamy_cleansing_foam_moist,belif,cleanser,belif_creamy_cleansing_foam_moist,,,,,,,,,,"Myristic Acid;Glycerin;Butylene Glycol;Stearic Acid;Potassium Hydroxide;Glyceryl Stearate;PEG-100 Stearate;Sodium Methyl Cocoyl Taurate;PEG-40 Hydrogenated Castor Oil;Hydrogenated Polydecene;*Avena Sativa (Oat) Kernel Extract;*Calendula Officinalis Flower Extract;*Nepeta Cataria Extract;*Rubus Idaeus (Raspberry) Leaf Extract;*Baptisia Tinctoria Root Extract;*Stellaria Media (Chickweed) Extract;Saponaria Officinalis Leaf Extract;Sapindus Mukurossi Fruit Extract;Benincasa Cerifera Seed Extract;Acorus Calamus Root Extract;Artemisia Princeps Leaf Powder;Tocopheryl Acetate;Polyquaternium-7;1,2-Hexanediol;Trisodium EDTA;**Fragrance;Citronnellol;Limonene, *Napiers Original Formula, **Fragrances of Natural Origin,",,,,,,,,,,cleanser,nan
Cleanser,FARMACY,New Day Gentle Exfoliating Grains,30,4.5,"Sodium Cocoyl Isethionate, Zea Mays (Corn) Starch, Sodium Bicarbonate, Sodium Lauroyl Glutamate, Vaccinium Macrocarpon (Cranberry) Seed Powder, Citric Acid, Water/Aqua/Eau, Mannan, Phaseolus Angularis (Adzuki) Seed Powder, Spirulina Plantensis Powder, Echinacea Purpurea Root Extract, P-Anisic Acid, Salix Alba (Willow) Bark Extract, Ascorbic Acid, Tetrahexyldecyl Ascorbate, Glycerin, Butylene Glycol, Lactobacillus/Lemon Peel Ferment Extract, Camellia Oleifera Leaf Extract, Daucus Carota Sativa (Carrot) Root Extract, Althaea Officinalis Root Extract.",1,1,1,1,1,new_day_gentle_exfoliating_grains,farmacy,cleanser,farmacy_new_day_gentle_exfoliating_grains,,,,,,,,,,"Sodium Cocoyl Isethionate;Zea Mays (Corn) Starch;Sodium Bicarbonate;Sodium Lauroyl Glutamate;Vaccinium Macrocarpon (Cranberry) Seed Powder;Citric Acid;Water/Aqua/Eau;Mannan;Phaseolus Angularis (Adzuki) Seed Powder;Spirulina Plantensis Powder;Echinacea Purpurea Root Extract;P-Anisic Acid;Salix Alba (Willow) Bark Extract;Ascorbic Acid;Tetrahexyldecyl Ascorbate;Glycerin;Butylene Glycol;Lactobacillus/Lemon Peel Ferment Extract;Camellia Oleifera Leaf Extract;Daucus Carota Sativa (Carrot) Root Extract;Althaea Officinalis Root Extract,",,,,,,,,,,cleanser,nan
Cleanser,KIEHL'S SINCE 1851,Cucumber Herbal Alcohol-Free Toner,16,4.1,"Water, Pentylene Glycol, Phenoxyethanol, Propylene Glycol, Sodium Pca, Methylparaben, Allantoin, Cucumber Fruit Extract, Aloe Barbadensis Leaf Juice, Camphor, Matricaria Flower Extract, Nettle Extract, Equisetum Arvense Extract, Betula Alba Extract, Ci 19140, Yellow 5, Ci 14700, Red 4, Ci 42090, Blue 1.",0,1,0,0,1,cucumber_herbal_alcohol_free_toner,kiehl's_since_1851,cleanser,kiehl's_since_1851_cucumber_herbal_alcohol_free_toner,,,,,,,,,,"Pentylene Glycol;Phenoxyethanol;Propylene Glycol;Sodium Pca;Methylparaben;Allantoin;Cucumber Fruit Extract;Aloe Barbadensis Leaf Juice;Camphor;Matricaria Flower Extract;Nettle Extract;Equisetum Arvense Extract;Betula Alba Extract;Ci 19140;Yellow 5;Ci 14700;Red 4;Ci 42090;Blue 1,",,,,,,,,,,cleanser,nan
Cleanser,SHISEIDO,Oil Control Blotting Paper,18,4.3,"Kaolin, Zinc Oxide, Polysorbate 80, Cellulose Gum, Trisodium Edta, Sodium Dehydroacetate, Fragrance, Iron Oxides (Ci 77491), Butylene Glycol, Water, Citronellol, Linalool, Limonene, Cinnamyl Alcohol, Rosmarinus Officinalis (Rosemary) Leaf Extract (Rosmarinus Officinalis Leaf Extract).",1,1,1,1,1,oil_control_blotting_paper,shiseido,cleanser,shiseido_oil_control_blotting_paper,,,,,,,,,,"Kaolin;Zinc Oxide;Polysorbate 80;Cellulose Gum;Trisodium Edta;Sodium Dehydroacetate;Fragrance;Iron Oxides (Ci 77491);Butylene Glycol;Citronellol;Linalool;Limonene;Cinnamyl Alcohol;Rosmarinus Officinalis (Rosemary) Leaf Extract (Rosmarinus Officinalis Leaf Extract),",,,,,,,,,,cleanser,nan
Cleanser,SATURDAY SKIN,Rise + Shine Gentle Cleanser,26,4.5,"Water, Glycerin, Stearic Acid, Myristic Acid, Lauric Acid, Potassium Hydroxide, Palmitic Acid, Citrus Limon (Lemon) Peel Oil, Juniperus Mexicana Oil, Quillaja Saponaria Bark Extract, Citrus Aurantium Dulcis (Orange) Peel Oil, Citrus Grandis (Grapefruit) Peel Oil, Eucalyptus Globulus Leaf Oil, Lavandula Angustifolia (Lavender) Oil, Rosmarinus Officinalis (Rosemary) Leaf Oil, Hydrolyzed Avocado Protein, Ananas Sativus (Pineapple) Fruit Extract, Actinidia Chinensis (Kiwi) Fruit Extract, Fragaria Vesca (Strawberry) Fruit Extract, Prunus Persica (Peach) Extract, Vitis Vinifera (Grape) Fruit Extract, Coco-Glucoside, Glyceryl Sterate, Polyquaternium-7, Acrylates/C10-30 Alkyl Acrylate Crosspolymer, Potassium Cocoyl Glycinate, Sodium Cocoyl Isethionate, 1,2-Hexanediol, Citric Acid, Hydrogentated Lecithin, Maltodextrin, Saccharide Hydrolysate, Butylene Glycol, Cholesterol, Peg-800, Polysorbate 20, Sh-Oligopeptide-1, Sh-Polypeptide-1, Sh-Oligopeptide-2, Sh-Polypeptide-22, Sh-Polypeptide-45, Sh-Polypeptide-8, Sh-Polypeptide-9, Disodium Edta, Sodium Benzoate.",1,1,1,1,1,rise_shine_gentle_cleanser,saturday_skin,cleanser,saturday_skin_rise_shine_gentle_cleanser,,,,,,,,,,"Glycerin;Stearic Acid;Myristic Acid;Lauric Acid;Potassium Hydroxide;Palmitic Acid;Citrus Limon (Lemon) Peel Oil;Juniperus Mexicana Oil;Quillaja Saponaria Bark Extract;Citrus Aurantium Dulcis (Orange) Peel Oil;Citrus Grandis (Grapefruit) Peel Oil;Eucalyptus Globulus Leaf Oil;Lavandula Angustifolia (Lavender) Oil;Rosmarinus Officinalis (Rosemary) Leaf Oil;Hydrolyzed Avocado Protein;Ananas Sativus (Pineapple) Fruit Extract;Actinidia Chinensis (Kiwi) Fruit Extract;Fragaria Vesca (Strawberry) Fruit Extract;Prunus Persica (Peach) Extract;Vitis Vinifera (Grape) Fruit Extract;Coco-Glucoside;Glyceryl Sterate;Polyquaternium-7;Acrylates/C10-30 Alkyl Acrylate Crosspolymer;Potassium Cocoyl Glycinate;Sodium Cocoyl Isethionate;1,2-Hexanediol;Citric Acid;Hydrogentated Lecithin;Maltodextrin;Saccharide Hydrolysate;Butylene Glycol;Cholesterol;Peg-800;Polysorbate 20;Sh-Oligopeptide-1;Sh-Polypeptide-1;Sh-Oligopeptide-2;Sh-Polypeptide-22;Sh-Polypeptide-45;Sh-Polypeptide-8;Sh-Polypeptide-9;Disodium Edta;Sodium Benzoate,",,,,,,,,,,cleanser,nan
Cleanser,BELIF,Problem Solution Toner,28,4.3,"Water, Dipropylene Glycol, Butylene Glycol, 1,2-Hexanediol, Glycerin, Melaleuca Alternifolia (Tea Tree) Leaf Oil, Calendula Officinalis Flower Extract*+, Avena Sativa (Oat) Kernel Extract*, Nepeta Cataria Extract*, Rubus Idaeus (Raspberry) Leaf Extract*, Baptisia Tinctoria Root Extract*, Stellaria Media (Chickweed) Extract*, Arctium Lappa Root Extract+, Echinacea Angustifolia Extract+, Rosmarinus Officinalis (Rosemary) Leaf Extract+, Lavandula Angustifolia (Lavender) Flower Extract+, Lactobacillus/Soybean Ferment Extract, Saccharomyces/Potato Extract Ferment Filtrate, Saccharomyces/Barley Seed Ferment Filtrate, Centella Asiatica Extract, Glycyrrhiza Glabra (Licorice) Root Extract, Camellia Sinensis Leaf Extract, Scutellaria Baicalensis Root Extract, Polygonum Cuspidatum Root Extract, Chamomilla Recutita (Matricaria) Flower Extract, Glycine Soja (Soybean) Sprout Extract, Magnolia Kobus Bark Extract, Sodium Hyaluronate, Panthenol, Alanyl Glutamine, PEG-40 Hydrogenated Castor Oil, Octyldodeceth-16, Citric Acid, Sodium Citrate, Trisodium EDTA, Sodium Polyacrylate, Citrus Aurantium Bergamia (Bergamot) Fruit Oil, Eucalyptus Globulus Leaf Oil, Rosmarinus Officinalis (Rosemary) Leaf Oil, Fragrance**, Citral, Citronellol, Limonene, Geraniol, Linalool.",0,0,0,1,1,problem_solution_toner,belif,cleanser,belif_problem_solution_toner,,,,,,,,,,"Dipropylene Glycol;Butylene Glycol;1,2-Hexanediol;Glycerin;Melaleuca Alternifolia (Tea Tree) Leaf Oil;Calendula Officinalis Flower Extract*+;Avena Sativa (Oat) Kernel Extract*;Nepeta Cataria Extract*;Rubus Idaeus (Raspberry) Leaf Extract*;Baptisia Tinctoria Root Extract*;Stellaria Media (Chickweed) Extract*;Arctium Lappa Root Extract+;Echinacea Angustifolia Extract+;Rosmarinus Officinalis (Rosemary) Leaf Extract+;Lavandula Angustifolia (Lavender) Flower Extract+;Lactobacillus/Soybean Ferment Extract;Saccharomyces/Potato Extract Ferment Filtrate;Saccharomyces/Barley Seed Ferment Filtrate;Centella Asiatica Extract;Glycyrrhiza Glabra (Licorice) Root Extract;Camellia Sinensis Leaf Extract;Scutellaria Baicalensis Root Extract;Polygonum Cuspidatum Root Extract;Chamomilla Recutita (Matricaria) Flower Extract;Glycine Soja (Soybean) Sprout Extract;Magnolia Kobus Bark Extract;Sodium Hyaluronate;Panthenol;Alanyl Glutamine;PEG-40 Hydrogenated Castor Oil;Octyldodeceth-16;Citric Acid;Sodium Citrate;Trisodium EDTA;Sodium Polyacrylate;Citrus Aurantium Bergamia (Bergamot) Fruit Oil;Eucalyptus Globulus Leaf Oil;Rosmarinus Officinalis (Rosemary) Leaf Oil;Fragrance**;Citral;Citronellol;Limonene;Geraniol;Linalool,",0.0,43.0,4664.0,4.3488,4.22,Moisturizers,9.0,10.11,0.92,cleanser,nan
Cleanser,PETER THOMAS ROTH,8% Glycolic Solutions Toner,40,4.3,"Water, Glycolic Acid, Alcohol Denat., Methyl Gluceth-20, Propylene Glycol, Hamamelis Virginiana (Witch Hazel) Water, Sodium Hydroxide, Glycerin, Sodium PCA, Aloe Barbadensis Leaf Juice, Allantoin, Camellia Sinensis Leaf Extract, Chamomilla Recutita (Matricaria) Flower Extract, Arginine, Sodium Ascorbyl Phosphate, Lactic Acid, Citric Acid, Polysorbate 20, Butylene Glycol, Potassium Sorbate, Sodium Benzoate, Benzoic Acid, Phenoxyethanol.",1,1,1,1,1,8_glycolic_solutions_toner,peter_thomas_roth,cleanser,peter_thomas_roth_8_glycolic_solutions_toner,,,,,,,,,,"Glycolic Acid;Alcohol Denat,;Methyl Gluceth-20;Propylene Glycol;Hamamelis Virginiana (Witch Hazel) Water;Sodium Hydroxide;Glycerin;Sodium PCA;Aloe Barbadensis Leaf Juice;Allantoin;Camellia Sinensis Leaf Extract;Chamomilla Recutita (Matricaria) Flower Extract;Arginine;Sodium Ascorbyl Phosphate;Lactic Acid;Citric Acid;Polysorbate 20;Butylene Glycol;Potassium Sorbate;Sodium Benzoate;Benzoic Acid;Phenoxyethanol,",,,,,,,,,,cleanser,nan
Cleanser,MILK MAKEUP,Matcha Toner,26,3.7,"Water, butylene glycol, Bis-PEG-18 methyl ether dimethyl silane, sodium stearate, pentylene glycol, glycerin, oleth-2, stearic acid, hamamelis virginiana (witch hazel) leaf extract, rice ferment filtrate (sake), saccharmomyces/xylinum/black tea ferment, opuntia ficus-indica stem extract, Rosmarinus officinalis (rosemary) leaf extract, camellia sinensis leaf extract, lens esculenta (lentil) seed extract, ethylhexylglycerin, hexylene glycol, caprylyl glycol, sodium benzoate, potassium sorbate, phenoxyethanol, yellow 10/CI 47005, blue 1/CI 42090.",1,1,1,1,1,matcha_toner,milk_makeup,cleanser,milk_makeup_matcha_toner,,,,,,,,,,"butylene glycol;Bis-PEG-18 methyl ether dimethyl silane;sodium stearate;pentylene glycol;glycerin;oleth-2;stearic acid;hamamelis virginiana (witch hazel) leaf extract;rice ferment filtrate (sake);saccharmomyces/xylinum/black tea ferment;opuntia ficus-indica stem extract;Rosmarinus officinalis (rosemary) leaf extract;camellia sinensis leaf extract;lens esculenta (lentil) seed extract;ethylhexylglycerin;hexylene glycol;caprylyl glycol;sodium benzoate;potassium sorbate;phenoxyethanol;yellow 10/CI 47005;blue 1/CI 42090,",,,,,,,,,,cleanser,nan
Cleanser,CLINIQUE,Blackhead Solutions 7 Day Deep Pore Cleanse & Scrub,24,4.2,"Water, Kaolin, Glycerin, Butylene Glycol, Magnesium Aluminum Silicate, Glyceryl Stearate, Peg-100 Stearate, Silica, Sodium Lauroyl Sarcosinate, Allyl Methacrylates Crosspolymer, Gentiana Lutea (Gentian) Root Extract, Laminaria Saccharina Extract, Sucrose, Acetyl Glucosamine, Caprylyl Glycol, 1,2-Hexanediol, Tocopheryl Acetate, Sodium Hydroxide, Xanthan Gum, Disodium Edta, Phenoxyethanol, Titanium Dioxide (Ci 77891), Blue 1 (Ci 42090), Yellow 5 (Ci 19140).",1,1,1,1,1,blackhead_solutions_7_day_deep_pore_cleanse_scrub,clinique,cleanser,clinique_blackhead_solutions_7_day_deep_pore_cleanse_scrub,0.0,461.0,8065.0,4.1866,4.2,Treatments,5.71,0.91,5.72,"Kaolin;Glycerin;Butylene Glycol;Magnesium Aluminum Silicate;Glyceryl Stearate;Peg-100 Stearate;Silica;Sodium Lauroyl Sarcosinate;Allyl Methacrylates Crosspolymer;Gentiana Lutea (Gentian) Root Extract;Laminaria Saccharina Extract;Sucrose;Acetyl Glucosamine;Caprylyl Glycol;1,2-Hexanediol;Tocopheryl Acetate;Sodium Hydroxide;Xanthan Gum;Disodium Edta;Phenoxyethanol;Titanium Dioxide (Ci 77891);Blue 1 (Ci 42090);Yellow 5 (Ci 19140),",0.0,461.0,8065.0,4.1866,4.2,Treatments,5.71,0.91,5.72,cleanser,Medium (7k - 13k)
Cleanser,PETER THOMAS ROTH,Acne Clearing Wash,38,4.2,"Allantoin, BHT, Butyl Methoxydibenzoylmethane, Butylphenyl Methylpropional, Citric Acid, Cocamidopropyl Betaine, Disodium EDTA, Ethylhexyl Methoxycinnamate, Ethylhexyl Salicylate, Fragrance/Parfum, Lauryl Glucoside, Limonene, Linalool, Panthenol, PEG-120 Methyl Glucose Dioleate, PEG-150 Pentaerythrityl Tetrastearate, PEG-40 Hydrogenated Castor Oil, PEG-6 Caprylic/Capric Glycerides, Phenoxyethanol, Potassium Sorbate, PPG-26-Buteth-26, Propylene Glycol, Sodium Benzoate, Sodium Benzotriazolyl Butylphenol Sulfonate, Sodium Chloride, Sodium Citrate, Sodium Hydroxide, Sodium Laureth Sulfate, Tocopherol, Water.",1,1,1,1,1,acne_clearing_wash,peter_thomas_roth,cleanser,peter_thomas_roth_acne_clearing_wash,0.0,90.0,6791.0,4.2,8.5,Treatments,4.47,4.67,1.33,"Allantoin;BHT;Butyl Methoxydibenzoylmethane;Butylphenyl Methylpropional;Citric Acid;Cocamidopropyl Betaine;Disodium EDTA;Ethylhexyl Methoxycinnamate;Ethylhexyl Salicylate;Fragrance/Parfum;Lauryl Glucoside;Limonene;Linalool;Panthenol;PEG-120 Methyl Glucose Dioleate;PEG-150 Pentaerythrityl Tetrastearate;PEG-40 Hydrogenated Castor Oil;PEG-6 Caprylic/Capric Glycerides;Phenoxyethanol;Potassium Sorbate;PPG-26-Buteth-26;Propylene Glycol;Sodium Benzoate;Sodium Benzotriazolyl Butylphenol Sulfonate;Sodium Chloride;Sodium Citrate;Sodium Hydroxide;Sodium Laureth Sulfate;Tocopherol;Water,",0.0,90.0,6791.0,4.2,8.5,Treatments,4.47,4.67,1.33,cleanser,Low (3k - 7k)
Cleanser,FRESH,Rose Cleansing Foam,29,3.6,"Water, Butylene Glycol, Decyl Glucoside, Glycerin, Polyglycerin-3, Peg-200 Hydrogenated Glyceryl Palmate, Peg-40 Hydrogenated Castor Oil, Prunus Domestica Seed Oil, Rosa Damascena Flower Water, Cucumis Sativus (Cucumber) Fruit Extract, Rosa Damascena Flower Oil, Paeonia Suffruticosa Root Extract, Oenothera Biennis (Evening Primrose) Root Extract, Tocopheryl Acetate, Peg-7 Glyceryl Cocoate, Citric Acid, Disodium EDTA, Caprylic/Capric Triglyceride, Potassium Sorbate, Citronellol, Geraniol, Phenoxyethanol.",1,1,1,1,1,rose_cleansing_foam,fresh,cleanser,fresh_rose_cleansing_foam,,,,,,,,,,"Butylene Glycol;Decyl Glucoside;Glycerin;Polyglycerin-3;Peg-200 Hydrogenated Glyceryl Palmate;Peg-40 Hydrogenated Castor Oil;Prunus Domestica Seed Oil;Rosa Damascena Flower Water;Cucumis Sativus (Cucumber) Fruit Extract;Rosa Damascena Flower Oil;Paeonia Suffruticosa Root Extract;Oenothera Biennis (Evening Primrose) Root Extract;Tocopheryl Acetate;Peg-7 Glyceryl Cocoate;Citric Acid;Disodium EDTA;Caprylic/Capric Triglyceride;Potassium Sorbate;Citronellol;Geraniol;Phenoxyethanol,",,,,,,,,,,cleanser,nan
Cleanser,BAREMINERALS,OIL OBSESSED™ Total Cleansing Oil,30,4.6,"Carthamus Tinctorius (Safflower) Seed Oil, Coconut Alkanes, Pentaerythrityl Tetraethylhexanoate, Sorbeth-30 Tetraisostearate, Squalane, Coco-Caprylate/Caprate, Water (Aqua/Eau), Tocopherol, Borago Officinalis Seed Oil, Cucumis Sativus (Cucumber) Seed Oil, Vaccinium Myrtillus Seed Oil, Helianthus Annuus (Sunflower) Seed Oil, Sea Salt (Maris Sal/Sel Marin), Fragrance, Limonene, Linalool, Phenoxyethanol.",1,1,1,1,0,oil_obsessed_total_cleansing_oil,bareminerals,cleanser,bareminerals_oil_obsessed_total_cleansing_oil,,,,,,,,,,"Carthamus Tinctorius (Safflower) Seed Oil;Coconut Alkanes;Pentaerythrityl Tetraethylhexanoate;Sorbeth-30 Tetraisostearate;Squalane;Coco-Caprylate/Caprate;Water (Aqua/Eau);Tocopherol;Borago Officinalis Seed Oil;Cucumis Sativus (Cucumber) Seed Oil;Vaccinium Myrtillus Seed Oil;Helianthus Annuus (Sunflower) Seed Oil;Sea Salt (Maris Sal/Sel Marin);Fragrance;Limonene;Linalool;Phenoxyethanol,",0.0,92.0,6566.0,4.5978,6.0,,5.0,5.0,1.4,cleanser,nan
Cleanser,BELIF,Bergamot Herbal Extract Toner,28,4.3,"Water, Monarda Didyma Leaf Extract 8%, Glycerin, Alcohol Denat, Butylene Glycol, Salvia Officinalis (Sage) Leaf Extract, Corchorus Olitorius Leaf Extract, Betaine, 1,2-Hexanediol, Methylpropanediol, Polyglutamic Acid, Beta-Glucan, Glyceryl Acrlate/Acrylic Acid Copolymer, Propylene Glycol, *Avena Sativa (Oat) Kernel Extract, *Calendula Officinalis Flower Extract, *Nepeta Cataria Extract, *Rubus Idaeus (Raspberry) Leaf Extract, *Baptisia Tinctoria Root Extract, *Stellaria Media (Chickweed) Extract, Portulaca Oleracea Extract, Panthenol, Sodium Hyaluronate, Biosaccharide Gum-1, Glycereth-26, Bis-PEG-18 Methyl Ether Dimethyl Silane, PEG/Ppg/Polybutylene Glycol-8/5/3 Glycerin, Peg/Ppg-17/6 Copolymer, PEG-40 Hydrogenated Caster Oil, Hydroxypropyl Cyclodextrin, Octyldodeceth-16, Acrylates/C10-30 Alkyl Acrylate Crosspolymer, Phenyl Trimethicone, Tromethamine, Trisodium EDTA, Fragrance**, Citronnellol, Limonene. *Napiers Original Formula. **Fragrances of Natural Origin.",0,0,0,0,0,bergamot_herbal_extract_toner,belif,cleanser,belif_bergamot_herbal_extract_toner,,,,,,,,,,"Monarda Didyma Leaf Extract 8%;Glycerin;Alcohol Denat;Butylene Glycol;Salvia Officinalis (Sage) Leaf Extract;Corchorus Olitorius Leaf Extract;Betaine;1,2-Hexanediol;Methylpropanediol;Polyglutamic Acid;Beta-Glucan;Glyceryl Acrlate/Acrylic Acid Copolymer;Propylene Glycol;*Avena Sativa (Oat) Kernel Extract;*Calendula Officinalis Flower Extract;*Nepeta Cataria Extract;*Rubus Idaeus (Raspberry) Leaf Extract;*Baptisia Tinctoria Root Extract;*Stellaria Media (Chickweed) Extract;Portulaca Oleracea Extract;Panthenol;Sodium Hyaluronate;Biosaccharide Gum-1;Glycereth-26;Bis-PEG-18 Methyl Ether Dimethyl Silane;PEG/Ppg/Polybutylene Glycol-8/5/3 Glycerin;Peg/Ppg-17/6 Copolymer;PEG-40 Hydrogenated Caster Oil;Hydroxypropyl Cyclodextrin;Octyldodeceth-16;Acrylates/C10-30 Alkyl Acrylate Crosspolymer;Phenyl Trimethicone;Tromethamine;Trisodium EDTA;Fragrance**;Citronnellol;Limonene, *Napiers Original Formula, **Fragrances of Natural Origin,",,,,,,,,,,cleanser,nan
Cleanser,MURAD,Essential-C Toner,30,4.4,"Water, Butylene Glycol, Witch Hazel Water, PEG-40 Hydrogenated Castor Oil, Sodium PCA, Betaine, Sorbitol, Glycine, Alanine, Proline, Serine, Threonine, Arginine, Lysine, Glutamic Acid, Rice Amino Acids, Zinc Aspartate, Dipotassium Glycyrrhizate, PEG-12 Dimethicone, Phospholipids, Tocopheryl Acetate, Retinyl Palmitate, Ascorbyl Palmitate, Ascorbic Acid, Chitosan, Propyl Gallate, Bitter Orange Flower Extract, Echinacea Purpurea Extract, Orange Fruit Extract, Sodium Polyaspartate, Benzophenone-4, Polyquaternium-4, Disodium EDTA, Citric Acid, Phenoxyethanol, Caprylyl Glycol, Chlorphenesin, Limonene, Linalool, Orange Peel Oil, Mandarin Orange Peel Oil, Basil Oil, Grapefruit Peel Oil, Galbanum Resin Oil, Fragrance, Green 3 (CI 42053).",0,0,0,0,0,essential_c_toner,murad,cleanser,murad_essential_c_toner,,,,,,,,,,"Butylene Glycol;Witch Hazel Water;PEG-40 Hydrogenated Castor Oil;Sodium PCA;Betaine;Sorbitol;Glycine;Alanine;Proline;Serine;Threonine;Arginine;Lysine;Glutamic Acid;Rice Amino Acids;Zinc Aspartate;Dipotassium Glycyrrhizate;PEG-12 Dimethicone;Phospholipids;Tocopheryl Acetate;Retinyl Palmitate;Ascorbyl Palmitate;Ascorbic Acid;Chitosan;Propyl Gallate;Bitter Orange Flower Extract;Echinacea Purpurea Extract;Orange Fruit Extract;Sodium Polyaspartate;Benzophenone-4;Polyquaternium-4;Disodium EDTA;Citric Acid;Phenoxyethanol;Caprylyl Glycol;Chlorphenesin;Limonene;Linalool;Orange Peel Oil;Mandarin Orange Peel Oil;Basil Oil;Grapefruit Peel Oil;Galbanum Resin Oil;Fragrance;Green 3 (CI 42053),",,,,,,,,,,cleanser,nan
Cleanser,PERRICONE MD,High Potency Classics: Nutritive Cleanser,38,4.4,Visit the Perricone MD boutique,1,1,1,1,1,high_potency_classics:_nutritive_cleanser,perricone_md,cleanser,perricone_md_high_potency_classics:_nutritive_cleanser,,,,,,,,,,Visit the Perricone MD boutique,,,,,,,,,,cleanser,nan
Cleanser,MURAD,Renewing Cleansing Cream,39,4.5,"Water, Sodium Cocoyl Isethionate, Glyceryl Stearate SE, Stearic Acid, Cetyl Alcohol, Glycerin, Prunus Armeniaca (Apricot) Kernel Oil, Urea, Yeast Amino Acids, Trehalose, Inositol, Taurine, Betaine, Echium Plantagineum Seed Oil, Borago Officinalis Seed Oil, Oenothera Biennis (Evening Primrose) Oil, Serenoa Serrulata Fruit Extract, Panthenol, Chondrus Crispus (Carrageenan) Extract, Chamomilla Recutita (Matricaria) Flower Extract , Sodium Hyaluronate, Imperata Cylindrica Root Extract, Sorbitol, Carica Papaya (Papaya) Fruit Extract, Citrus Medica Limonum (Lemon) Fruit Extract, Tocopherol, Ascorbyl Palmitate, Benzophenone-4, Butylene Glycol, Acrylates/C10-30 Alkyl Acrylate Crosspolymer, Carbomer, Xanthan Gum, Phenoxyethanol, Caprylyl Glycol, Chlorphenesin, Limonene, Linalool, Fragrance.",0,0,0,0,0,renewing_cleansing_cream,murad,cleanser,murad_renewing_cleansing_cream,,,,,,,,,,"Sodium Cocoyl Isethionate;Glyceryl Stearate SE;Stearic Acid;Cetyl Alcohol;Glycerin;Prunus Armeniaca (Apricot) Kernel Oil;Urea;Yeast Amino Acids;Trehalose;Inositol;Taurine;Betaine;Echium Plantagineum Seed Oil;Borago Officinalis Seed Oil;Oenothera Biennis (Evening Primrose) Oil;Serenoa Serrulata Fruit Extract;Panthenol;Chondrus Crispus (Carrageenan) Extract;Chamomilla Recutita (Matricaria) Flower Extract;Sodium Hyaluronate;Imperata Cylindrica Root Extract;Sorbitol;Carica Papaya (Papaya) Fruit Extract;Citrus Medica Limonum (Lemon) Fruit Extract;Tocopherol;Ascorbyl Palmitate;Benzophenone-4;Butylene Glycol;Acrylates/C10-30 Alkyl Acrylate Crosspolymer;Carbomer;Xanthan Gum;Phenoxyethanol;Caprylyl Glycol;Chlorphenesin;Limonene;Linalool;Fragrance,",,,,,,,,,,cleanser,nan
Cleanser,GLAMGLOW,YOUTHCLEANSE™ Daily Exfoliating Cleanser,32,4.2,"Water, Sodium C14-16 Olefin Sulfonate, Magnesium Aluminum Silicate, Sodium Cocoamphoacetate, Illite, Cetearyl Alcohol, Glyceryl Stearate, Glycerin, Microcrystalline Cellulose, Propanediol, Diatomaceous Earth/Solum Diatomeae/Terre De Diatomees, Camellia Sinensis (Green Tea) Leaf Powder, Ginkgo Biloba Leaf Powder, Euterpe Oleracea Fruit Extract, Kaolin, Paullinia Cupana Seed Extract, Withania Somnifera Root Extract, Malpighia Glabra (Acerola) Fruit Extract, Glycyrrhiza Glabra (Licorice) Root Extract, Vetiveria Zizanoides Root Extract, Triethyl Citrate, Chenopodium Quinoa Seed Extract, Hydrolyzed Linseed Seed, Lavandula Angustifolia (Lavender) Flower/Leaf/Stem Extract, Disodium Adenosine Triphosphate, Coffea Arabica (Coffee) Seed Extract, Pyrus Malus (Apple) Fruit Extract, Rubus Idaeus (Raspberry) Fruit Extract, Xanthan Gum, Elettaria Cardamomum Seed Extract, Camellia Sinensis Leaf Extract, Bromelain, Carica Papaya (Papaya) Fruit Extract, Algin, Cucumis Sativus (Cucumber) Fruit Extract, Salvia Officinalis (Sage) Leaf Extract, Fucus Vesiculosus Extract, Papain, Rosmarinus Officinalis (Rosemary) Leaf Extract, Citrus Aurantium Amara (Bitter Orange) Flower Extract, Cucumis Melo (Melon) Fruit Extract, Ethylhexylglycerin, Rosa Centifolia Flower Extract, Jasminum Officinale (Jasmine) Flower Extract, Maltodextrin, Santalum Album (Sandalwood) Wood Extract, Cananga Odorata Flower Extract, Cupressus Sempervirens Leaf/Nut/Stem Oil, Sodium Chloride, Morinda Citrifolia Fruit Extract, Cocamidopropyl Hydroxysultaine, Lycium Barbarum Fruit Extract, Punica Granatum Fruit Extract, Garcinia Mangostana Fruit Extract, Fragrance, Hexyl Cinnamal, Linalool, Phenoxyethanol, Phytic Acid, Tocopheryl Acetate",1,0,1,1,0,youthcleanse_daily_exfoliating_cleanser,glamglow,cleanser,glamglow_youthcleanse_daily_exfoliating_cleanser,,,,,,,,,,Sodium C14-16 Olefin Sulfonate;Magnesium Aluminum Silicate;Sodium Cocoamphoacetate;Illite;Cetearyl Alcohol;Glyceryl Stearate;Glycerin;Microcrystalline Cellulose;Propanediol;Diatomaceous Earth/Solum Diatomeae/Terre De Diatomees;Camellia Sinensis (Green Tea) Leaf Powder;Ginkgo Biloba Leaf Powder;Euterpe Oleracea Fruit Extract;Kaolin;Paullinia Cupana Seed Extract;Withania Somnifera Root Extract;Malpighia Glabra (Acerola) Fruit Extract;Glycyrrhiza Glabra (Licorice) Root Extract;Vetiveria Zizanoides Root Extract;Triethyl Citrate;Chenopodium Quinoa Seed Extract;Hydrolyzed Linseed Seed;Lavandula Angustifolia (Lavender) Flower/Leaf/Stem Extract;Disodium Adenosine Triphosphate;Coffea Arabica (Coffee) Seed Extract;Pyrus Malus (Apple) Fruit Extract;Rubus Idaeus (Raspberry) Fruit Extract;Xanthan Gum;Elettaria Cardamomum Seed Extract;Camellia Sinensis Leaf Extract;Bromelain;Carica Papaya (Papaya) Fruit Extract;Algin;Cucumis Sativus (Cucumber) Fruit Extract;Salvia Officinalis (Sage) Leaf Extract;Fucus Vesiculosus Extract;Papain;Rosmarinus Officinalis (Rosemary) Leaf Extract;Citrus Aurantium Amara (Bitter Orange) Flower Extract;Cucumis Melo (Melon) Fruit Extract;Ethylhexylglycerin;Rosa Centifolia Flower Extract;Jasminum Officinale (Jasmine) Flower Extract;Maltodextrin;Santalum Album (Sandalwood) Wood Extract;Cananga Odorata Flower Extract;Cupressus Sempervirens Leaf/Nut/Stem Oil;Sodium Chloride;Morinda Citrifolia Fruit Extract;Cocamidopropyl Hydroxysultaine;Lycium Barbarum Fruit Extract;Punica Granatum Fruit Extract;Garcinia Mangostana Fruit Extract;Fragrance;Hexyl Cinnamal;Linalool;Phenoxyethanol;Phytic Acid;Tocopheryl Acetate,,,,,,,,,,cleanser,nan
Cleanser,CLARINS,Instant Eye Makeup Remover,30,4.5,"Cyclomethicone, Water, Isohexadecane, Rosa Centifolia Flower Water, Centaurea Cyanus Flower Water, Butylene Glycol, Sodium Chloride, Phenoxyethanol, Benzyl Alcohol, Disodium EDTA, Caprylyl/Capryl Glucoside, Tetrasodium EDTA, Glycerin, Potassium Sorbate, CI 42090/Blue 1.",1,1,1,1,1,instant_eye_makeup_remover,clarins,cleanser,clarins_instant_eye_makeup_remover,,,,,,,,,,"Cyclomethicone;Isohexadecane;Rosa Centifolia Flower Water;Centaurea Cyanus Flower Water;Butylene Glycol;Sodium Chloride;Phenoxyethanol;Benzyl Alcohol;Disodium EDTA;Caprylyl/Capryl Glucoside;Tetrasodium EDTA;Glycerin;Potassium Sorbate;CI 42090/Blue 1,",,,,,,,,,,cleanser,nan
Cleanser,PETER THOMAS ROTH,Un-Wrinkle Turbo™ Line Smoothing Toning Lotion,38,4.4,"Water, Glycerin, Palmitoyl Oligopeptide, Palmitoyl Tripeptide-1, Palmitoyl Tripeptide-38, Palmitoyl Tetrapeptide-7, Caprooyl Tetrapeptide-3, Palmitoyl Tripeptide-5, Tripeptide-10 Citrulline, Tetrapeptide-21, Tripeptide-1, Acetyl Octapeptide-3, Palmitoyl Hexapeptide-12, Palmitoyl Dipeptide-10, Acetyl Hexapeptide-30, Acetyl Hexapeptide-8, Pentapeptide-18, Dipeptide Diaminobutyroyl Benzylamide Diacetate, Sodium Hyaluronate, Retinyl Palmitate, Ascorbic Acid, Tocopheryl Acetate, Pseudoalteromonas Ferment Extract, Arginine, Peg-8 Dimethicone, Lecithin, Hydrolyzed Soy Protein, Acetylarginyltryptophyl Diphenylglycine, Sodium Propoxyhydroxypropyl Thiosulfate Silica, Cocamidopropyl Betaine, Octyldodecanol, Sodium Glycolate, Triethanolamine, Sodium Chloride, Cocamidopropyl Dimethylamine, Hydrolyzed Wheat Protein, Carbomer, Acrylates Copolymer, Xanthan Gum, Hydroxypropyl Cyclodextrin, Polysorbate 20, Tin Oxide, Dextran, Butylene Glycol, Silica, Caprylyl Glycol, Potassium Sorbate, Sodium Benzoate, Phenoxyethanol, Mica, Gold (Ci 77480), Titanium Dioxide (Ci 77891), Iron Oxides (Ci 77491).",0,0,0,0,0,un_wrinkle_turbo_line_smoothing_toning_lotion,peter_thomas_roth,cleanser,peter_thomas_roth_un_wrinkle_turbo_line_smoothing_toning_lotion,,,,,,,,,,"Glycerin;Palmitoyl Oligopeptide;Palmitoyl Tripeptide-1;Palmitoyl Tripeptide-38;Palmitoyl Tetrapeptide-7;Caprooyl Tetrapeptide-3;Palmitoyl Tripeptide-5;Tripeptide-10 Citrulline;Tetrapeptide-21;Tripeptide-1;Acetyl Octapeptide-3;Palmitoyl Hexapeptide-12;Palmitoyl Dipeptide-10;Acetyl Hexapeptide-30;Acetyl Hexapeptide-8;Pentapeptide-18;Dipeptide Diaminobutyroyl Benzylamide Diacetate;Sodium Hyaluronate;Retinyl Palmitate;Ascorbic Acid;Tocopheryl Acetate;Pseudoalteromonas Ferment Extract;Arginine;Peg-8 Dimethicone;Lecithin;Hydrolyzed Soy Protein;Acetylarginyltryptophyl Diphenylglycine;Sodium Propoxyhydroxypropyl Thiosulfate Silica;Cocamidopropyl Betaine;Octyldodecanol;Sodium Glycolate;Triethanolamine;Sodium Chloride;Cocamidopropyl Dimethylamine;Hydrolyzed Wheat Protein;Carbomer;Acrylates Copolymer;Xanthan Gum;Hydroxypropyl Cyclodextrin;Polysorbate 20;Tin Oxide;Dextran;Butylene Glycol;Silica;Caprylyl Glycol;Potassium Sorbate;Sodium Benzoate;Phenoxyethanol;Mica;Gold (Ci 77480);Titanium Dioxide (Ci 77891);Iron Oxides (Ci 77491),",,,,,,,,,,cleanser,nan
Cleanser,SEPHORA COLLECTION,Exfoilating Wipes - Papaya - Glow,7,4.9,No Info,0,0,0,0,0,exfoilating_wipes_papaya_glow,sephora_collection,cleanser,sephora_collection_exfoilating_wipes_papaya_glow,,,,,,,,,,No Info,,,,,,,,,,cleanser,nan
Cleanser,FRESH,Rose Floral Toner Mini,15,2.8,"Water, Gly- cerin, Pentylene Glycol, Rosa Dama- scena Flower Water, Anthemis Nobilis Flower Oil, Sodium Citrate, Citric Acid, Citronellol, Geraniol, Pheno- Xyethano.",0,0,0,0,0,rose_floral_toner_mini,fresh,cleanser,fresh_rose_floral_toner_mini,,,,,,,,,,"Gly- cerin;Pentylene Glycol;Rosa Dama- scena Flower Water;Anthemis Nobilis Flower Oil;Sodium Citrate;Citric Acid;Citronellol;Geraniol;Pheno- Xyethano,",,,,,,,,,,cleanser,nan
Cleanser,OLEHENRIKSEN,Stay Balanced™ Oil Control Cleansing Cloths,8,4.5,"Water, Hamamelis Virginiana (Witch Hazel) Water, Alcohol, Polysorbate 20, Phenoxyethanol, Lactobacillus/Arundinaria Gigantea Ferment Filtrate, Potassium Sorbate, Eucalyptus Globulus Leaf Oil, Fragrance, Caccinium Myrtillus (Bilberry) Fruit Extract, Glycerin, Menthol, Lactic Acid, Glycolic Acid, Saccarum Officinarum (Sugar Cane) Extract, Biosaccharide Gum-1, Citrus Limon (Lemon) Fruit Extract, Citrus Aurantium Dulcis (Orange) Fruit Extract, Sodium Levulinate, Leuconostoc/Radish Root Ferment Filtrate, Aloe Barbadensis Leaf Juice, Allantoin, Glyceryl Caprylate, Acer Saccarum (Sugar Maple) Extract, Citrus Grandis (Grapefruit) Fruit Extract, Sodium Anisate, Hydrolyzed Vegetable Protein, Sodium Hyaluronate, Glycyrrhiza Glabra (Licorice) Root Extract, Serenoa Serrulata Fruit Extract, Vitis Vinifera (Grape) Fruit Extract, Syphytum Officinale (Comfrey) Leaf Extract, Panax Ginseng Root Extract, Oryza Sativa (Rice) Extract, Eucalyptus Globululs Leaf Extract, Chamomilla Recutita (Matricaria) Flower Extract, Calendula Officinalis Flower Extract, Sodium Benzoate, Citric Acid, Limonene.",1,0,0,1,0,stay_balanced_oil_control_cleansing_cloths,olehenriksen,cleanser,olehenriksen_stay_balanced_oil_control_cleansing_cloths,,,,,,,,,,"Hamamelis Virginiana (Witch Hazel) Water;Alcohol;Polysorbate 20;Phenoxyethanol;Lactobacillus/Arundinaria Gigantea Ferment Filtrate;Potassium Sorbate;Eucalyptus Globulus Leaf Oil;Fragrance;Caccinium Myrtillus (Bilberry) Fruit Extract;Glycerin;Menthol;Lactic Acid;Glycolic Acid;Saccarum Officinarum (Sugar Cane) Extract;Biosaccharide Gum-1;Citrus Limon (Lemon) Fruit Extract;Citrus Aurantium Dulcis (Orange) Fruit Extract;Sodium Levulinate;Leuconostoc/Radish Root Ferment Filtrate;Aloe Barbadensis Leaf Juice;Allantoin;Glyceryl Caprylate;Acer Saccarum (Sugar Maple) Extract;Citrus Grandis (Grapefruit) Fruit Extract;Sodium Anisate;Hydrolyzed Vegetable Protein;Sodium Hyaluronate;Glycyrrhiza Glabra (Licorice) Root Extract;Serenoa Serrulata Fruit Extract;Vitis Vinifera (Grape) Fruit Extract;Syphytum Officinale (Comfrey) Leaf Extract;Panax Ginseng Root Extract;Oryza Sativa (Rice) Extract;Eucalyptus Globululs Leaf Extract;Chamomilla Recutita (Matricaria) Flower Extract;Calendula Officinalis Flower Extract;Sodium Benzoate;Citric Acid;Limonene,",,,,,,,,,,cleanser,nan
Cleanser,PHILOSOPHY,A Glowing Regimen Trial Set,34,4.8,"Purity Made Simple Cleanser: Water, Sodium Lauroamphoacetate, Sodium Trideceth Sulfate, Limnanthes Alba (Meadowfoam) Seed Oil, Coco-Glucoside, Coconut Alcohol, Peg-120 Methyl Glucose Dioleate, Glycerin, Carbomer, Isopropyl Alcohol, Polysorbate 20, Citric Acid, Imidazolidinyl Urea, Methylparaben, Aniba Rosaeodora (Rosewood) Wood Oil, Propylparaben, Triethanolamine, Amyris Balsamifera Bark Oil, Bulnesia Sarmientoi Wood Oil, Cymbopogon Martini Oil, Pelargonium Graveolens Flower Oil, Rosa Centifolia Flower Oil, Santalum Album (Sandalwood) Oil, Daucus Carota Sativa (Carrot) Seed Oil, Mimosa Tenuiflora Bark Extract, Ormenis Multicaulis Oil, Piper Nigrum (Pepper) Fruit Oil, Salvia Sclarea (Clary) Oil, Fd&C Yellow No. 5 (Ci 19140). Renewed Hope in a Jar Refreshing & Refining Moisturizer: Water, Cyclopentasiloxane, Stearic Acid, Glycerin, Butylene Glycol, C12-15 Alkyl Benzoate, Glycolic Acid, Dimethicone, Polyacrylamide, Cetearyl Alcohol, Phenoxyethanol, Sodium Hydroxide, C13-14 Isoparaffin, Dimethicone Crosspolymer, Ceteareth-20, Ammonium Acryloyldimethyltaurate/Vp Copolymer, Polysilicone-11, Acrylates/C10-30 Alkyl Acrylate Crosspolymer, Laureth-7, Citric Acid, Chlorphenesin, Mandelic Acid, Tocopheryl Acetate, Synthetic Fluorphlogopite, Ethylhexyl Palmitate, Propanediol, Parfum/Fragrance, Disodium Edta, Adenosine, Evodia Rutaecarpa Fruit Extract, Limonene, Faex/Yeast Extract/Extrait De Levure, Magnesium Stearate, Opuntia Coccinellifera Flower Extract, Silica Dimethyl Silylate, Caprylyl Glycol, Bht, Ethylhexylglycerin, Hyaluronic Acid, Silanetriol, Sodium Hyaluronate, Sorbic Acid, Hexylene Glycol, Bismuth Oxychloride (Ci 77163). Renewed Hope in a Jar Eye Refreshing & Refining Eye Cream: Water, Glycerin, Isononyl Isononanoate, Caprylic/Capric Triglyceride, Tribehenin Peg-20 Esters, Polyglyceryl-2 Diisostearate, Cyclopentasiloxane, Propanediol, Cyclohexasiloxane, Phenoxyethanol, Sodium Polyacrylate, Acrylates Crosspolymer, Butylene Glycol, Mica, Acrylates/C10-30 Alkyl Acrylate Crosspolymer, Tocopheryl Acetate, Sorbitol, Titanium Dioxide, Evodia Rutaecarpa Fruit Extract, Ethylhexyl Palmitate, Urea, Glucosamine Hcl, Algae Extract, Ascophyllum Nodosum Extract, Asparagopsis Armata Extract, Saccharomyces Cerevisiae Extract, Adenosine, Sodium Hydroxide, Isostearic Acid, Chrysanthellum Indicum Extract, Faex/Yeast Extract/Extrait De Levure, Silica Dimethyl Silylate, Tin Oxide, Potassium Sorbate, Caprylyl Glycol, Hyaluronic Acid, Silanetriol, Citric Acid, Ethylhexylglycerin, Sodium Hyaluronate, Sorbic Acid, Hexylene Glycol. Time in a Bottle: Water, Butylene Glycol, Dimethicone, Alcohol Denat., Bis-Peg-18 Methyl Ether Dimethyl Silane, Cyclopentasiloxane, Peg-8, 3-O-Ethyl Ascorbic Acid, Polyethylene, Glycerin, Dimethiconol, Xanthan Gum, Ptfe, Phenoxyethanol, Bifida Ferment Lysate, Caprylyl Glycol, 1,2-Hexanediol, Propylene Glycol, Peg-40 Hydrogenated Castor Oil, Hydroxyethyl Acrylate/Sodium Acryloyldimethyl Taurate Copolymer, Lecithin, Squalane, Disodium Edta, Silica Dimethyl Silylate, Alcohol, Adenosine, Polysorbate 60, Mica, Parfum/Fragrance, Tocopherol, Acrylates/C10-30 Alkyl Acrylate Crosspolymer, Camellia Sinensis Leaf Extract, Coffea Arabica (Coffee) Seed Extract, Pongamia Pinnata Seed Extract, Silica, Hydrolyzed Soy Flour, Sodium Hydroxide, Angelica Archangelica Root Extract, Citrus Aurantium Amara (Bitter Orange) Peel Extract, Maltodextrin, Sodium Phosphate, Bht, Magnesium Aluminum Silicate, Sodium Chloride, Ascorbyl Palmitate, Bacillus Ferment, Citric Acid, Punica Granatum Fruit Extract, Sclerotium Gum, Sodium Benzoate, Hydrolyzed Vegetable Protein, Trisodium Edta, Acetic Acid, Potassium Chloride, Potassium Phosphate, Ascorbic Acid, Lactic Acid, Sorbic Acid, Plankton Extract, Micrococcus Lysate, Retinyl Palmitate, Titanium Dioxide (Ci 77891), Fd&C Red No. 4 (Ci 14700), D&C Red No. 33 (Ci 17200).",1,1,1,1,1,a_glowing_regimen_trial_set,philosophy,cleanser,philosophy_a_glowing_regimen_trial_set,0.0,14.0,6520.0,4.7143,,Eye Care,,33.67,0.21,"Purity Made Simple Cleanser: Water;Sodium Lauroamphoacetate;Sodium Trideceth Sulfate;Limnanthes Alba (Meadowfoam) Seed Oil;Coco-Glucoside;Coconut Alcohol;Peg-120 Methyl Glucose Dioleate;Glycerin;Carbomer;Isopropyl Alcohol;Polysorbate 20;Citric Acid;Imidazolidinyl Urea;Methylparaben;Aniba Rosaeodora (Rosewood) Wood Oil;Propylparaben;Triethanolamine;Amyris Balsamifera Bark Oil;Bulnesia Sarmientoi Wood Oil;Cymbopogon Martini Oil;Pelargonium Graveolens Flower Oil;Rosa Centifolia Flower Oil;Santalum Album (Sandalwood) Oil;Daucus Carota Sativa (Carrot) Seed Oil;Mimosa Tenuiflora Bark Extract;Ormenis Multicaulis Oil;Piper Nigrum (Pepper) Fruit Oil;Salvia Sclarea (Clary) Oil;Fd&C Yellow No, 5 (Ci 19140), Renewed Hope in a Jar Refreshing & Refining Moisturizer: Water;Cyclopentasiloxane;Stearic Acid;Glycerin;Butylene Glycol;C12-15 Alkyl Benzoate;Glycolic Acid;Dimethicone;Polyacrylamide;Cetearyl Alcohol;Phenoxyethanol;Sodium Hydroxide;C13-14 Isoparaffin;Dimethicone Crosspolymer;Ceteareth-20;Ammonium Acryloyldimethyltaurate/Vp Copolymer;Polysilicone-11;Acrylates/C10-30 Alkyl Acrylate Crosspolymer;Laureth-7;Citric Acid;Chlorphenesin;Mandelic Acid;Tocopheryl Acetate;Synthetic Fluorphlogopite;Ethylhexyl Palmitate;Propanediol;Parfum/Fragrance;Disodium Edta;Adenosine;Evodia Rutaecarpa Fruit Extract;Limonene;Faex/Yeast Extract/Extrait De Levure;Magnesium Stearate;Opuntia Coccinellifera Flower Extract;Silica Dimethyl Silylate;Caprylyl Glycol;Bht;Ethylhexylglycerin;Hyaluronic Acid;Silanetriol;Sodium Hyaluronate;Sorbic Acid;Hexylene Glycol;Bismuth Oxychloride (Ci 77163), Renewed Hope in a Jar Eye Refreshing & Refining Eye Cream: Water;Glycerin;Isononyl Isononanoate;Caprylic/Capric Triglyceride;Tribehenin Peg-20 Esters;Polyglyceryl-2 Diisostearate;Cyclopentasiloxane;Propanediol;Cyclohexasiloxane;Phenoxyethanol;Sodium Polyacrylate;Acrylates Crosspolymer;Butylene Glycol;Mica;Acrylates/C10-30 Alkyl Acrylate Crosspolymer;Tocopheryl Acetate;Sorbitol;Titanium Dioxide;Evodia Rutaecarpa Fruit Extract;Ethylhexyl Palmitate;Urea;Glucosamine Hcl;Algae Extract;Ascophyllum Nodosum Extract;Asparagopsis Armata Extract;Saccharomyces Cerevisiae Extract;Adenosine;Sodium Hydroxide;Isostearic Acid;Chrysanthellum Indicum Extract;Faex/Yeast Extract/Extrait De Levure;Silica Dimethyl Silylate;Tin Oxide;Potassium Sorbate;Caprylyl Glycol;Hyaluronic Acid;Silanetriol;Citric Acid;Ethylhexylglycerin;Sodium Hyaluronate;Sorbic Acid;Hexylene Glycol, Time in a Bottle: Water;Butylene Glycol;Dimethicone;Alcohol Denat,;Bis-Peg-18 Methyl Ether Dimethyl Silane;Cyclopentasiloxane;Peg-8;3-O-Ethyl Ascorbic Acid;Polyethylene;Glycerin;Dimethiconol;Xanthan Gum;Ptfe;Phenoxyethanol;Bifida Ferment Lysate;Caprylyl Glycol;1,2-Hexanediol;Propylene Glycol;Peg-40 Hydrogenated Castor Oil;Hydroxyethyl Acrylate/Sodium Acryloyldimethyl Taurate Copolymer;Lecithin;Squalane;Disodium Edta;Silica Dimethyl Silylate;Alcohol;Adenosine;Polysorbate 60;Mica;Parfum/Fragrance;Tocopherol;Acrylates/C10-30 Alkyl Acrylate Crosspolymer;Camellia Sinensis Leaf Extract;Coffea Arabica (Coffee) Seed Extract;Pongamia Pinnata Seed Extract;Silica;Hydrolyzed Soy Flour;Sodium Hydroxide;Angelica Archangelica Root Extract;Citrus Aurantium Amara (Bitter Orange) Peel Extract;Maltodextrin;Sodium Phosphate;Bht;Magnesium Aluminum Silicate;Sodium Chloride;Ascorbyl Palmitate;Bacillus Ferment;Citric Acid;Punica Granatum Fruit Extract;Sclerotium Gum;Sodium Benzoate;Hydrolyzed Vegetable Protein;Trisodium Edta;Acetic Acid;Potassium Chloride;Potassium Phosphate;Ascorbic Acid;Lactic Acid;Sorbic Acid;Plankton Extract;Micrococcus Lysate;Retinyl Palmitate;Titanium Dioxide (Ci 77891);Fd&C Red No, 4 (Ci 14700);D&C Red No, 33 (Ci 17200),",0.0,14.0,6520.0,4.7143,,Eye Care,,33.67,0.21,treatment,Low (3k - 7k)
Cleanser,DIOR,Hydra Life Micellar Water No Rinse Cleanser,42,4.4,#NAME?,1,1,1,1,0,hydra_life_micellar_water_no_rinse_cleanser,dior,cleanser,dior_hydra_life_micellar_water_no_rinse_cleanser,,,,,,,,,,#NAME?,,,,,,,,,,cleanser,nan
Cleanser,KORRES,Wild Rose Exfoliating Cleanser,28,4.4,"Water, Aloe Barbadensis Leaf Juice, Sodium Cocoyl Isethionate, Coco-Betaine, Cetearyl Alcohol, Disodium Lauryl Sulfosuccinate, Zea Mays (Corn) Starch, Oryza Sativa (Rice) Powder, Glycerin, Betaine, Sodium Methyl Cocoyl Taurate, Magnesium Aluminum Silicate, Prunus Cerasus (Bitter Cherry) Shell Powder, Inulin, Sclerotium Gum, Acer Saccharum (Sugar Maple) Extract, Ascorbyl Palmitate, Benzyl Salicylate, Citronellol, Citrus Aurantium Dulcis (Orange) Fruit Extract, Citrus Limon (Lemon) Fruit Extract, Ethylhexylglycerin, Fragrance, Galactoarabinan, Helianthus Annuus (Sunflower) Seed Oil, Hexyl Cinnamal, Hydrogenated Castor Oil, Hydrogenated Starch Hydrolysate, Hydroxycitronellal, Hydroxyisohexyl 3-Cyclohexene Carboxaldehyde, Lecithin, Maltooligosyl Glucoside, Phenoxyethanol, Rosa Canina Fruit Extract, Rosa Canina Fruit Oil, Rosa Rubiginosa Seed Oil, Saccharum Officinarum (Sugar Cane) Extract, Salicylic Acid, Tetrasodium Glutamate Diacetate, Titanium Dioxide, Tocopherol, Vaccinium Myrtillus Fruit/Leaf Extract.",1,1,1,1,1,wild_rose_exfoliating_cleanser,korres,cleanser,korres_wild_rose_exfoliating_cleanser,,,,,,,,,,"Aloe Barbadensis Leaf Juice;Sodium Cocoyl Isethionate;Coco-Betaine;Cetearyl Alcohol;Disodium Lauryl Sulfosuccinate;Zea Mays (Corn) Starch;Oryza Sativa (Rice) Powder;Glycerin;Betaine;Sodium Methyl Cocoyl Taurate;Magnesium Aluminum Silicate;Prunus Cerasus (Bitter Cherry) Shell Powder;Inulin;Sclerotium Gum;Acer Saccharum (Sugar Maple) Extract;Ascorbyl Palmitate;Benzyl Salicylate;Citronellol;Citrus Aurantium Dulcis (Orange) Fruit Extract;Citrus Limon (Lemon) Fruit Extract;Ethylhexylglycerin;Fragrance;Galactoarabinan;Helianthus Annuus (Sunflower) Seed Oil;Hexyl Cinnamal;Hydrogenated Castor Oil;Hydrogenated Starch Hydrolysate;Hydroxycitronellal;Hydroxyisohexyl 3-Cyclohexene Carboxaldehyde;Lecithin;Maltooligosyl Glucoside;Phenoxyethanol;Rosa Canina Fruit Extract;Rosa Canina Fruit Oil;Rosa Rubiginosa Seed Oil;Saccharum Officinarum (Sugar Cane) Extract;Salicylic Acid;Tetrasodium Glutamate Diacetate;Titanium Dioxide;Tocopherol;Vaccinium Myrtillus Fruit/Leaf Extract,",,,,,,,,,,cleanser,nan
Cleanser,SEPHORA COLLECTION,Soft Touch Cotton Pads,4,4.6,Visit the SEPHORA COLLECTION boutique,0,0,0,0,0,soft_touch_cotton_pads,sephora_collection,cleanser,sephora_collection_soft_touch_cotton_pads,,,,,,,,,,Visit the SEPHORA COLLECTION boutique,,,,,,,,,,cleanser,nan
Cleanser,BELIF,Cleansing Gel Oil Enriched,34,4.5,"-Semen Benincasae Herb: Creates a foamy texture with natural foaming agents and soothing properties as it conditions, cleanses, and visibly detoxifies the skin. -Sweet Flag Herb: Delivers skin-softening, hydrating, and nourishing benefits. -Natural Olive and Macademia Nut Oils: Smooth and moisturize the skin for a beautiful complexion. Cetyl Ethylhexanoate, Caprylic/Capric Triglyceride, PEG-20 Glyceryl Triisostearate, Triethylhexanoin, Dextrin Palmitate/Ethylhexanoate, Macadamia Ternifolia Seed Oil, Olea Europaea (Olive) Fruit Oil, Avena Sativa (Oat) Kernel Extract*, Calendula Officinalis Flower Extract*, Nepeta Cataria Extract*, Rubus Idaeus (Raspberry) Leaf Extract*, Baptisia Tinctoria Root Extract*, Stellaria Media (Chickweed) Extract*, Saponaria Officinalis Leaf Extract, Sapindus Mukurossi Fruit Extract, Benincasa Cerifera Seed Extract, Acorus Calamus Root Extract, Tocopheryl Acetate, Water, Fragrance, Citronellol, Limonene *: Napiers Original Formula, +/-: *Naturally Derived Fragrance",1,1,1,1,1,cleansing_gel_oil_enriched,belif,cleanser,belif_cleansing_gel_oil_enriched,,,,,,,,,,"-Semen Benincasae Herb: Creates a foamy texture with natural foaming agents and soothing properties as it conditions;cleanses;and visibly detoxifies the skin, -Sweet Flag Herb: Delivers skin-softening;hydrating;and nourishing benefits, -Natural Olive and Macademia Nut Oils: Smooth and moisturize the skin for a beautiful complexion, Cetyl Ethylhexanoate;Caprylic/Capric Triglyceride;PEG-20 Glyceryl Triisostearate;Triethylhexanoin;Dextrin Palmitate/Ethylhexanoate;Macadamia Ternifolia Seed Oil;Olea Europaea (Olive) Fruit Oil;Avena Sativa (Oat) Kernel Extract*;Calendula Officinalis Flower Extract*;Nepeta Cataria Extract*;Rubus Idaeus (Raspberry) Leaf Extract*;Baptisia Tinctoria Root Extract*;Stellaria Media (Chickweed) Extract*;Saponaria Officinalis Leaf Extract;Sapindus Mukurossi Fruit Extract;Benincasa Cerifera Seed Extract;Acorus Calamus Root Extract;Tocopheryl Acetate;Fragrance;Citronellol;Limonene *: Napiers Original Formula;+/-: *Naturally Derived Fragrance",,,,,,,,,,cleanser,nan
Cleanser,SEPHORA COLLECTION,Blotting Papers,8,4.3,Visit the SEPHORA COLLECTION boutique,0,0,0,0,0,blotting_papers,sephora_collection,cleanser,sephora_collection_blotting_papers,,,,,,,,,,Visit the SEPHORA COLLECTION boutique,,,,,,,,,,cleanser,nan
Cleanser,PERRICONE MD,No:Rinse Intensive Pore Minimizing Toner,45,4.3,"Water, Dimethyl MEA, Glycerin, SD Alcohol 40-B,Magnesium Aspartate, Zinc Gluconate, Phosphatidylcholine, Phenoxyethanol,Caprylyl Glycol, Ethoxydiglycol, Salicylic Acid, Acetyl Tyrosine, ThiocticAcid, Polysorbate 20, Copper Complex Gluconate, Butylene Glycol, Fragrance/Parfum,Sorbic Acid, Sodium Hyaluronate, Tetrapeptide-21, Linalool.",1,1,1,1,1,no:rinse_intensive_pore_minimizing_toner,perricone_md,cleanser,perricone_md_no:rinse_intensive_pore_minimizing_toner,,,,,,,,,,"Dimethyl MEA;Glycerin;SD Alcohol 40-B;Magnesium Aspartate;Zinc Gluconate;Phosphatidylcholine;Phenoxyethanol;Caprylyl Glycol;Ethoxydiglycol;Salicylic Acid;Acetyl Tyrosine;ThiocticAcid;Polysorbate 20;Copper Complex Gluconate;Butylene Glycol;Fragrance/Parfum;Sorbic Acid;Sodium Hyaluronate;Tetrapeptide-21;Linalool,",,,,,,,,,,cleanser,nan
Cleanser,LA MER,The Cleansing Oil,95,4.3,"Caprylic/Capric Triglyceride, Polysorbate 85, Isononyl Isononanoate, Squalane, C12-15 Alkyl Benzoate, Declustered Water (+)/Aqua/Eau De-Structuree (+), Sorbitan Trioleate, Algae (Seaweed) Extract, Sesamum Indicum (Sesame) Seed Oil, Medicago Sativa (Alfalfa) Seed Powder, Helianthus Annuus (Sunflower) Seedcake, Prunus Amygdalus Dulcis (Sweet Almond) Seed Meal, Eucalyptus Globulus (Eucalyptus) Leaf Oil, Sodium Gluconate, Copper Gluconate, Calcium Gluconate, Magnesium Gluconate, Zinc Gluconate, Tocopheryl Succinate, Niacin, Sesamum Indicum (Sesame) Seed Powder, Laminaria Digitata Extract, Crithmum Maritimum Extract, Chlorella Vulgaris Extract, Vitis Vinifera (Grape) Seed Oil, Sea Salt/Maris Sal/Sel Marin, Pearl Powder, Plankton Extract, Tocopheryl Acetate, Tourmaline, Glycerin, Neopentyl Glycol Dicaprate, Silica, Isopropyl Palmitate, Quaternium-90 Bentonite, Propylene Carbonate, Fragrance, Benzyl Salicylate, Linalool, Butylphenyl Methylpropional, Benzyl Benzoate, Limonene, Alpha-Isomethyl Ionone, Mica, Green 6 (Ci 61565), Violet 2 (Ci 60725), Titanium Dioxide (Ci 77891)",1,1,1,1,1,the_cleansing_oil,la_mer,cleanser,la_mer_the_cleansing_oil,,,,,,,,,,Caprylic/Capric Triglyceride;Polysorbate 85;Isononyl Isononanoate;Squalane;C12-15 Alkyl Benzoate;Declustered Water (+)/Aqua/Eau De-Structuree (+);Sorbitan Trioleate;Algae (Seaweed) Extract;Sesamum Indicum (Sesame) Seed Oil;Medicago Sativa (Alfalfa) Seed Powder;Helianthus Annuus (Sunflower) Seedcake;Prunus Amygdalus Dulcis (Sweet Almond) Seed Meal;Eucalyptus Globulus (Eucalyptus) Leaf Oil;Sodium Gluconate;Copper Gluconate;Calcium Gluconate;Magnesium Gluconate;Zinc Gluconate;Tocopheryl Succinate;Niacin;Sesamum Indicum (Sesame) Seed Powder;Laminaria Digitata Extract;Crithmum Maritimum Extract;Chlorella Vulgaris Extract;Vitis Vinifera (Grape) Seed Oil;Sea Salt/Maris Sal/Sel Marin;Pearl Powder;Plankton Extract;Tocopheryl Acetate;Tourmaline;Glycerin;Neopentyl Glycol Dicaprate;Silica;Isopropyl Palmitate;Quaternium-90 Bentonite;Propylene Carbonate;Fragrance;Benzyl Salicylate;Linalool;Butylphenyl Methylpropional;Benzyl Benzoate;Limonene;Alpha-Isomethyl Ionone;Mica;Green 6 (Ci 61565);Violet 2 (Ci 60725);Titanium Dioxide (Ci 77891),0.0,103.0,4512.0,4.4369,5.0,Moisturizers,5.6,4.31,2.28,cleanser,nan
Cleanser,MURAD,Hydrating Toner,30,4.4,"Water, Butylene Glycol, Witch Hazel Water, Urea, Yeast Amino Acids, Trehalose, Inositol, Taurine, Betaine, Carrageenan Extract, Peach Fruit Extract, Anthemis Nobilis Flower Extract, Sodium PCA, Lecithin, Tocopherol, Magnesium Ascorbyl Phosphate, Grape Seed Extract, Cucumber Fruit Extract, PEG-12 Dimethicone, PEG-40 Hydrogenated Castor Oil, Sodium Citrate, Disodium EDTA, Chlorphenesin, Methylisothiazolinone, Benzyl Salicylate, Geraniol, Linalool, Citronellol, Fragrance, Orange 4 (CI 15510), Red 4 (CI 14700).",0,0,0,0,0,hydrating_toner,murad,cleanser,murad_hydrating_toner,,,,,,,,,,"Butylene Glycol;Witch Hazel Water;Urea;Yeast Amino Acids;Trehalose;Inositol;Taurine;Betaine;Carrageenan Extract;Peach Fruit Extract;Anthemis Nobilis Flower Extract;Sodium PCA;Lecithin;Tocopherol;Magnesium Ascorbyl Phosphate;Grape Seed Extract;Cucumber Fruit Extract;PEG-12 Dimethicone;PEG-40 Hydrogenated Castor Oil;Sodium Citrate;Disodium EDTA;Chlorphenesin;Methylisothiazolinone;Benzyl Salicylate;Geraniol;Linalool;Citronellol;Fragrance;Orange 4 (CI 15510);Red 4 (CI 14700),",,,,,,,,,,cleanser,nan
Cleanser,GLAMGLOW,BUBBLESHEET™ Oxygenating Deep Cleanse Mask,9,4.3,"Water, Glycerin, Methyl Perfluorobutyl Ether, Acrylates Copolymer, Cocamidopropyl Betaine, Disodium Cocoamphodiacetate, Lauryl Glucoside, Retinyl Palmitate, Allantoin, Arginine, Camellia Sinensis Leaf Extract, Helianthus Annuus (Sunflower) Seed Oil, Ascorbyl Glucoside, Ethylhexylglycerin, Ceramide Np, Sodium Pca, Sodium Chloride, Saccharide Isomerate, Polyquaternium-10, Potassium Cocoyl Glycinate, Potassium Cocoate, Hexylene Glycol, Butylene Glycol, Citric Acid, Hydroxyethyl Urea, Citrus Limon (Lemon) Peel Oil, Limonene, Citral, Sodium Citrate, Disodium Edta, Phenoxyethanol",1,1,1,1,0,bubblesheet_oxygenating_deep_cleanse_mask,glamglow,cleanser,glamglow_bubblesheet_oxygenating_deep_cleanse_mask,,,,,,,,,,Glycerin;Methyl Perfluorobutyl Ether;Acrylates Copolymer;Cocamidopropyl Betaine;Disodium Cocoamphodiacetate;Lauryl Glucoside;Retinyl Palmitate;Allantoin;Arginine;Camellia Sinensis Leaf Extract;Helianthus Annuus (Sunflower) Seed Oil;Ascorbyl Glucoside;Ethylhexylglycerin;Ceramide Np;Sodium Pca;Sodium Chloride;Saccharide Isomerate;Polyquaternium-10;Potassium Cocoyl Glycinate;Potassium Cocoate;Hexylene Glycol;Butylene Glycol;Citric Acid;Hydroxyethyl Urea;Citrus Limon (Lemon) Peel Oil;Limonene;Citral;Sodium Citrate;Disodium Edta;Phenoxyethanol,,,,,,,,,,cleanser,nan
Cleanser,CLINIQUE,Clarifying Lotion 1,16,4.5,"Water , Alcohol Denat. , Glycerin , Butylene Glycol , Hamamelis Virginiana (Witch Hazel) , Trehalose , Salicylic Acid , Acetyl Glucosamine , Sodium Hyaluronate , Sodium Hydroxide , Tetrahydroxypropyl Ethylenediamine , Disodium Edta , Phenoxyethanol , Benzophenone-4 , Yellow 5 (Ci 19140) , Blue 1 (Ci 42090)",0,0,0,0,0,clarifying_lotion_1,clinique,cleanser,clinique_clarifying_lotion_1,,,,,,,,,,"Alcohol Denat,;Glycerin;Butylene Glycol;Hamamelis Virginiana (Witch Hazel);Trehalose;Salicylic Acid;Acetyl Glucosamine;Sodium Hyaluronate;Sodium Hydroxide;Tetrahydroxypropyl Ethylenediamine;Disodium Edta;Phenoxyethanol;Benzophenone-4;Yellow 5 (Ci 19140);Blue 1 (Ci 42090)",,,,,,,,,,cleanser,nan
Cleanser,PETER THOMAS ROTH,3% Glycolic Solutions Cleanser,38,4.4,"Water, Sodium Laureth Sulfate, Propylene Glycol, Glycolic Acid, Cocamidopropyl Betaine, Lauryl Glucoside, Allantoin, Panthenol, Arginine, PEG-6 Caprylic/Capric Glycerides, Sodium Chloride, PEG-150 Pentaerythrityl Tetrastearate, Sodium Hydroxide, Potassium Sorbate, Sodium Benzoate, Phenoxyethanol.",1,1,1,1,1,3_glycolic_solutions_cleanser,peter_thomas_roth,cleanser,peter_thomas_roth_3_glycolic_solutions_cleanser,,,,,,,,,,"Sodium Laureth Sulfate;Propylene Glycol;Glycolic Acid;Cocamidopropyl Betaine;Lauryl Glucoside;Allantoin;Panthenol;Arginine;PEG-6 Caprylic/Capric Glycerides;Sodium Chloride;PEG-150 Pentaerythrityl Tetrastearate;Sodium Hydroxide;Potassium Sorbate;Sodium Benzoate;Phenoxyethanol,",,,,,,,,,,cleanser,nan
Cleanser,SHISEIDO,Ibuki Purifying Cleanser,30,4.3,"Water, Stearic Acid Myristic Acid,Peg-8,Potassium Hydroxide, Lauric Acid, Glycerin, Dipropylene Glycol, Microcrystalline Cellulose, Silica, Alcohol Denat., Beeswax, Cocamidopropyl Betaine, Sodium Methyl Cocoyl Taurate, Fragrance, Disodium Edta, Trehalose, Peg-90m, Limonene, Hexyl Cinnamal, Butylphenyl Methylpropional, Betaine, Sodium Benzoate, Bht.",1,1,1,1,1,ibuki_purifying_cleanser,shiseido,cleanser,shiseido_ibuki_purifying_cleanser,,,,,,,,,,"Stearic Acid Myristic Acid;Peg-8;Potassium Hydroxide;Lauric Acid;Glycerin;Dipropylene Glycol;Microcrystalline Cellulose;Silica;Alcohol Denat,;Beeswax;Cocamidopropyl Betaine;Sodium Methyl Cocoyl Taurate;Fragrance;Disodium Edta;Trehalose;Peg-90m;Limonene;Hexyl Cinnamal;Butylphenyl Methylpropional;Betaine;Sodium Benzoate;Bht,",,,,,,,,,,cleanser,nan
Cleanser,SHISEIDO,Benefiance WrinkleResist24 Balancing Softener,73,4.3,No Info,0,0,0,0,0,benefiance_wrinkleresist24_balancing_softener,shiseido,cleanser,shiseido_benefiance_wrinkleresist24_balancing_softener,,,,,,,,,,No Info,,,,,,,,,,cleanser,nan
Cleanser,SHISEIDO,Pureness Balancing Softener Alcohol-Free,24,4.4,"Water, Dipropylene Glycol, Butylene Glycol, Glycerin, Eysenhardtia Polystachya (Palo Azul) Wood Extract, Xylitol, PPG-13 Decyltetradeceth-24, Sodium Citrate, Sodium Hexametaphosphate, Citric Acid, Dimorpholinopyridazinone, Magnesium Chloride, Peony Root Extract, Saxifraga Sarmentosa Extract, Rosemary Extract, Calcium Chloride, Phenoxyethanol, Methylparaben, Benzoic Acid, Fragrance, FD&C Yellow No. 5, FD&C Green No. 3.",0,0,0,0,0,pureness_balancing_softener_alcohol_free,shiseido,cleanser,shiseido_pureness_balancing_softener_alcohol_free,,,,,,,,,,"Dipropylene Glycol;Butylene Glycol;Glycerin;Eysenhardtia Polystachya (Palo Azul) Wood Extract;Xylitol;PPG-13 Decyltetradeceth-24;Sodium Citrate;Sodium Hexametaphosphate;Citric Acid;Dimorpholinopyridazinone;Magnesium Chloride;Peony Root Extract;Saxifraga Sarmentosa Extract;Rosemary Extract;Calcium Chloride;Phenoxyethanol;Methylparaben;Benzoic Acid;Fragrance;FD&C Yellow No, 5;FD&C Green No, 3,",,,,,,,,,,cleanser,nan
Cleanser,SK-II,Facial Treatment Cleansing Oil,70,4.5,"Water, Sodium Lauroyl Glutamate, Propylene Glycol, PEG-150 Stearate, Galactomyces Ferment Filtrate (Pitera), Sodium PCA, Glycol Stearate, Butylene Glycol, Cocamide MEA, Rosa Canina Fruit Oil, Stearamide AMP, Pentylene Glycol, Salix Alba Bark Extract/Salix Alba (Willow) Bark Extract, Dipotassium Glycyrrhizate, Hydroxyphenyl Propamidobenzoic Acid, Ascorbyl Palmitate, BHT, Phenethyl Alcohol, Methylparaben, Propylparaben.",1,1,1,1,1,facial_treatment_cleansing_oil,sk_ii,cleanser,sk_ii_facial_treatment_cleansing_oil,0.0,90.0,4203.0,4.4778,8.4,Moisturizers,8.33,4.98,2.14,"Sodium Lauroyl Glutamate;Propylene Glycol;PEG-150 Stearate;Galactomyces Ferment Filtrate (Pitera);Sodium PCA;Glycol Stearate;Butylene Glycol;Cocamide MEA;Rosa Canina Fruit Oil;Stearamide AMP;Pentylene Glycol;Salix Alba Bark Extract/Salix Alba (Willow) Bark Extract;Dipotassium Glycyrrhizate;Hydroxyphenyl Propamidobenzoic Acid;Ascorbyl Palmitate;BHT;Phenethyl Alcohol;Methylparaben;Propylparaben,",0.0,90.0,4203.0,4.4778,8.4,Moisturizers,8.33,4.98,2.14,cleanser,Low (3k - 7k)
Cleanser,SKIN INC SUPPLEMENT BAR,Pure Revival Peel,55,4.2,"Water, Glycerin, Acrylates/C10-30 Alkyl Acrylate Crosspolymer, Dicocodimonium Chloride, Steartrimonium Bromide, Isopropyl Alcohol, Butylene Glycol, Aloe Barbadensis Leaf Extract, Arbutin, Fullerenes, Uncaria Tomentosa Extract, Maltodextrin, PVP.",1,1,1,1,1,pure_revival_peel,skin_inc_supplement_bar,cleanser,skin_inc_supplement_bar_pure_revival_peel,0.0,509.0,13748.0,4.2318,2.0,Treatments,27.5,0.83,3.7,"Glycerin;Acrylates/C10-30 Alkyl Acrylate Crosspolymer;Dicocodimonium Chloride;Steartrimonium Bromide;Isopropyl Alcohol;Butylene Glycol;Aloe Barbadensis Leaf Extract;Arbutin;Fullerenes;Uncaria Tomentosa Extract;Maltodextrin;PVP,",0.0,509.0,13748.0,4.2318,2.0,Treatments,27.5,0.83,3.7,treatment,High (13k - 26k)
Cleanser,ORIGINS,Mega-Mushroom Skin Relief Micellar Cleanser,33,4.6,"Water, Butylene Glycol, Glycerin, Citrus Aurantium Dulcis (Orange) Oil*, Lavandula Angustifolia (Lavender) Oil*, Pogostemon Cablin Oil*, Citrus Nobilis (Mandarin Orange) Peel Oil*, Pelargonium Graveolens Flower Oil*, Boswellia Carterii (Olibanum) Oil**, Limonene, Vaccinium Macrocarpon (Cranberry) Fruit Extract, Vaccinium Angustifolium (Blueberry) Fruit Extract, Lycium Chinense (Wolfberry) Fruit Extract, Fuscoporia Obliqua Extract, Curcuma Longa (Turmeric) Root Extract, Silybum Marianum Fruit Extract, Ocimum Sanctum Leaf Extract, Cordyceps Sinensis Extract, Ganoderma Lucidum (Mushroom) Extract, Trehalose, Zingiber Officinale (Ginger) Root Extract, Helianthus Annuus (Sunflower) Seed Oil, Hypnea Musciformis (Algae) Extract, Cucumis Sativus (Cucumber) Fruit Extract, Polysorbate 20, Gellidiela Acerosa (Algae) Extract, Sodium Methyl Cocoyl Taurate, Sodium Hyaluronate, Yeast Extract/Faex/Extrait De Levure, Cetrimonium Chloride, Citric Acid, Cellulose, Sodium Citrate, Sodium Phytate, Phenoxyethanol *Organic Essential Oils: Organic Orange Oil, Organic Mandarin Oil, Organic Patchouli Oil, Organic Geranium Oil, Organic Lavender Oil** Essential Oil Please be aware that ingredient lists may change or vary from time to time.� Please refer to the ingredient list on the product package you receive for the most up to date list of ingredients.",0,0,0,0,0,mega_mushroom_skin_relief_micellar_cleanser,origins,cleanser,origins_mega_mushroom_skin_relief_micellar_cleanser,,,,,,,,,,"Butylene Glycol;Glycerin;Citrus Aurantium Dulcis (Orange) Oil*;Lavandula Angustifolia (Lavender) Oil*;Pogostemon Cablin Oil*;Citrus Nobilis (Mandarin Orange) Peel Oil*;Pelargonium Graveolens Flower Oil*;Boswellia Carterii (Olibanum) Oil**;Limonene;Vaccinium Macrocarpon (Cranberry) Fruit Extract;Vaccinium Angustifolium (Blueberry) Fruit Extract;Lycium Chinense (Wolfberry) Fruit Extract;Fuscoporia Obliqua Extract;Curcuma Longa (Turmeric) Root Extract;Silybum Marianum Fruit Extract;Ocimum Sanctum Leaf Extract;Cordyceps Sinensis Extract;Ganoderma Lucidum (Mushroom) Extract;Trehalose;Zingiber Officinale (Ginger) Root Extract;Helianthus Annuus (Sunflower) Seed Oil;Hypnea Musciformis (Algae) Extract;Cucumis Sativus (Cucumber) Fruit Extract;Polysorbate 20;Gellidiela Acerosa (Algae) Extract;Sodium Methyl Cocoyl Taurate;Sodium Hyaluronate;Yeast Extract/Faex/Extrait De Levure;Cetrimonium Chloride;Citric Acid;Cellulose;Sodium Citrate;Sodium Phytate;Phenoxyethanol *Organic Essential Oils: Organic Orange Oil;Organic Mandarin Oil;Organic Patchouli Oil;Organic Geranium Oil;Organic Lavender Oil** Essential Oil Please be aware that ingredient lists may change or vary from time to time,� Please refer to the ingredient list on the product package you receive for the most up to date list of ingredients,",,,,,,,,,,cleanser,nan
Cleanser,BOSCIA,Balancing Facial Tonic,26,4.3,"Water, Lavandula Augustifolia (Lavender) Flower Water, Butylene Glycol, Pentylene Glycol, Dipropylene Glycol, Caprylyl Glycol, PEG-60 Hydrogenated Castor Oil, Citric Acid, Rosmarinus Officinalis (Rosemary) Leaf Extract, Potassium Phosphate, Serine, Simmondsia Chinensis (Jojoba) Seed Extract, Cyanocobalamin, Gardenia Florida Flower Extract, Epilobium Angustifolium Flower/Leaf/Stem Extract.",0,0,0,0,0,balancing_facial_tonic,boscia,cleanser,boscia_balancing_facial_tonic,1.0,480.0,16996.0,4.2979,5.0,Moisturizers,5.2,0.9,2.82,"Lavandula Augustifolia (Lavender) Flower Water;Butylene Glycol;Pentylene Glycol;Dipropylene Glycol;Caprylyl Glycol;PEG-60 Hydrogenated Castor Oil;Citric Acid;Rosmarinus Officinalis (Rosemary) Leaf Extract;Potassium Phosphate;Serine;Simmondsia Chinensis (Jojoba) Seed Extract;Cyanocobalamin;Gardenia Florida Flower Extract;Epilobium Angustifolium Flower/Leaf/Stem Extract,",1.0,480.0,16996.0,4.2979,5.0,Moisturizers,5.2,0.9,2.82,treatment,High (13k - 26k)
Cleanser,ALGENIST,Multi-Perfecting Detoxifying Exfoliator,38,4.6,"Water, Caprylic/Capric Triglyceride, Hydroxyethyl Acrylate/Sodium Acryloyldimethyl Taurate Copolymer, Butylene Glycol, Squalane, Algae Exopolysaccharides, Salix Nigra (Willow) Bark Extract, Salicylic Acid, Hibiscus Sabdariffa Flower Extract, Lens Esculenta (Lentil) Seed Extract, Glycerin, Beta Vulgaris (Beet) Root Extract, Rosa Multiflora Fruit Extract, Glycine Soja (Soybean) Extract, Sorbitan Isostearate, Dimethicone, Hydrolyzed Corn Starch, Silica, Caprylyl Glycol, Polysorbate 60, Potassium Sorbate, Ethylhexylglycerin, Mica, Dimethicone/PEG-10/15 Crosspolymer, Dimethicone/Vinyl Dimethicone Crosspolymer, Disodium EDTA, Sodium Benzoate, 3-Methyl-4-(2,6,6-trimethyl-2-cyclohexene-1-yl)-3-butene-2-one, Phenoxyethanol, Chlorophenesin, Fragrance.",0,0,0,0,0,multi_perfecting_detoxifying_exfoliator,algenist,cleanser,algenist_multi_perfecting_detoxifying_exfoliator,,,,,,,,,,"Caprylic/Capric Triglyceride;Hydroxyethyl Acrylate/Sodium Acryloyldimethyl Taurate Copolymer;Butylene Glycol;Squalane;Algae Exopolysaccharides;Salix Nigra (Willow) Bark Extract;Salicylic Acid;Hibiscus Sabdariffa Flower Extract;Lens Esculenta (Lentil) Seed Extract;Glycerin;Beta Vulgaris (Beet) Root Extract;Rosa Multiflora Fruit Extract;Glycine Soja (Soybean) Extract;Sorbitan Isostearate;Dimethicone;Hydrolyzed Corn Starch;Silica;Caprylyl Glycol;Polysorbate 60;Potassium Sorbate;Ethylhexylglycerin;Mica;Dimethicone/PEG-10/15 Crosspolymer;Dimethicone/Vinyl Dimethicone Crosspolymer;Disodium EDTA;Sodium Benzoate;3-Methyl-4-(2;6,6-trimethyl-2-cyclohexene-1-yl)-3-butene-2-one;Phenoxyethanol;Chlorophenesin;Fragrance,",,,,,,,,,,cleanser,nan
Cleanser,OLEHENRIKSEN,Moment of Truth™ 2-in-1 Polishing Sugar Mask,42,4.5,"Glycerin, Sucrose, Carthamus Tinctorius (Safflower) Seed Oil, Water, Cocamidopropyl Betaine, Polyglyceryl-10 Behenate/Eicosadioate, Punica Granatum Seed Powder, Fragrance, Honey/Mel/Miel, Ethylhexylglycerin, Glyceryl Stearate, Glyceryl Behenate/Eicosadioate, Candelilla Cera/Euphorbia Cerifera (Candelilla) Wax/Cire De Candelilla, Lactobacillus/Pumpkin Ferment Extract, Aspalathus Linearis Leaf Extract, Butyrospermum Parkii (Shea) Butter, Olea Europaea (Olive) Fruit Oil, Linum Usitatissimum (Linseed) Seed Oil, Tocopheryl Acetate, Rosa Canina Fruit Oil, Punica Granatum Fruit Extract, Macrocystis Pyrifera (Kelp) Extract, Lactobacillus Ferment, Tetrahexyldecyl Ascorbate, Phenoxyethanol, Limonene.",1,1,1,1,1,moment_of_truth_2_in_1_polishing_sugar_mask,olehenriksen,cleanser,olehenriksen_moment_of_truth_2_in_1_polishing_sugar_mask,,,,,,,,,,"Glycerin;Sucrose;Carthamus Tinctorius (Safflower) Seed Oil;Cocamidopropyl Betaine;Polyglyceryl-10 Behenate/Eicosadioate;Punica Granatum Seed Powder;Fragrance;Honey/Mel/Miel;Ethylhexylglycerin;Glyceryl Stearate;Glyceryl Behenate/Eicosadioate;Candelilla Cera/Euphorbia Cerifera (Candelilla) Wax/Cire De Candelilla;Lactobacillus/Pumpkin Ferment Extract;Aspalathus Linearis Leaf Extract;Butyrospermum Parkii (Shea) Butter;Olea Europaea (Olive) Fruit Oil;Linum Usitatissimum (Linseed) Seed Oil;Tocopheryl Acetate;Rosa Canina Fruit Oil;Punica Granatum Fruit Extract;Macrocystis Pyrifera (Kelp) Extract;Lactobacillus Ferment;Tetrahexyldecyl Ascorbate;Phenoxyethanol;Limonene,",,,,,,,,,,cleanser,nan
Cleanser,BOSCIA,Clear Complexion Tonic,26,4.3,"Water, Lavandula Augustifolia (Lavender) Flower Water, Butylene Glycol, Pentylene Glycol, Dipropylene Glycol, Caprylyl Glycol, PEG-60 Hydrogenated Castor Oil, Sodium Benzoate, Potassium Sorbate, Citric Acid, Rosmarinus Officinalis (Rosemary) Leaf Extract, Phellodendron Amurense Bark Extract, Potassium Phosphate, Salix Nigra (Willow) Bark Extract, Simmondsia Chinensis (Jojoba) Seed Extract, Serine, Melia Azadirachta Leaf Extract, Melia Azadirachta Flower Extract, Epilobium Angustifolium Flower/Leaf/Stem Extract, Amino Esters-1, Curcuma Longa (Turmeric) Root Extract, Coccinia Indica Fruit Extract, Dipotassium Phosphate, Ocimum Basilicum (Basil) Flower/Leaf Extract, Solanum Melongena (Eggplant) Fruit Extract, Aloe Barbadensis Flower Extract, Ocimum Sanctum Leaf Extract, Corallina Officinalis Extract, Gardenia Florida Flower Extract.",1,1,1,1,1,clear_complexion_tonic,boscia,cleanser,boscia_clear_complexion_tonic,,,,,,,,,,"Lavandula Augustifolia (Lavender) Flower Water;Butylene Glycol;Pentylene Glycol;Dipropylene Glycol;Caprylyl Glycol;PEG-60 Hydrogenated Castor Oil;Sodium Benzoate;Potassium Sorbate;Citric Acid;Rosmarinus Officinalis (Rosemary) Leaf Extract;Phellodendron Amurense Bark Extract;Potassium Phosphate;Salix Nigra (Willow) Bark Extract;Simmondsia Chinensis (Jojoba) Seed Extract;Serine;Melia Azadirachta Leaf Extract;Melia Azadirachta Flower Extract;Epilobium Angustifolium Flower/Leaf/Stem Extract;Amino Esters-1;Curcuma Longa (Turmeric) Root Extract;Coccinia Indica Fruit Extract;Dipotassium Phosphate;Ocimum Basilicum (Basil) Flower/Leaf Extract;Solanum Melongena (Eggplant) Fruit Extract;Aloe Barbadensis Flower Extract;Ocimum Sanctum Leaf Extract;Corallina Officinalis Extract;Gardenia Florida Flower Extract,",,,,,,,,,,cleanser,nan
Cleanser,LANCÔME,Tonique Radiance Clarifying Refining Toner,26,4.1,Visit the Lancôme boutique,0,0,0,0,0,tonique_radiance_clarifying_refining_toner,lancôme,cleanser,lancôme_tonique_radiance_clarifying_refining_toner,,,,,,,,,,Visit the Lancôme boutique,,,,,,,,,,cleanser,nan
Cleanser,KIEHL'S SINCE 1851,Clearly Corrective™ Brightening & Exfoliating Daily Cleanser,29,4.3,Visit the Kiehl's Since 1851 boutique,1,1,1,1,1,clearly_corrective_brightening_exfoliating_daily_cleanser,kiehl's_since_1851,cleanser,kiehl's_since_1851_clearly_corrective_brightening_exfoliating_daily_cleanser,,,,,,,,,,Visit the Kiehl's Since 1851 boutique,,,,,,,,,,cleanser,nan
Cleanser,SEPHORA COLLECTION,Mattifying Blotting Films,8,4.5,No Info,0,0,0,0,0,mattifying_blotting_films,sephora_collection,cleanser,sephora_collection_mattifying_blotting_films,,,,,,,,,,No Info,,,,,,,,,,cleanser,nan
Cleanser,MURAD,Pore Reform™ Skin Smoothing Polish,34,4.5,"Water, Silica, Stearic Acid, Jojoba Esters, Glyceryl Stearate, Stearyl Alcohol, Hamamelis Virginiana (Witch Hazel) Water, Cetearyl Alcohol, Cocamidopropyl Betaine, Butylene Glycol, PPG-2 Hydroxyethyl Cocamide, Urea, Yeast Amino Acids, Trehalose, Inositol, Taurine, Betaine, Cinnamomum Zeylanicum Bark Extract, Sarcosine, Capryloyl Glycine, Sodium Hyaluronate, Borago Officinalis Seed Oil, Helianthus Annuus (Sunflower) Seed Oil, Punica Granatum Extract, Sodium Lauroamphoacetate, Sodium Trideceth Sulfate, PEG-100 Stearate, Glyceryl Stearate, Tocopheryl Acetate, Ceteareth-20, PEG-32, Carbomer, Disodium EDTA, Aminomethyl Propanol, Phenoxyethanol, Caprylyl Glycol, Chlorphenesin, Fragrance (Parfum), Red 40 (CI 16035).",0,0,0,0,0,pore_reform_skin_smoothing_polish,murad,cleanser,murad_pore_reform_skin_smoothing_polish,,,,,,,,,,"Silica;Stearic Acid;Jojoba Esters;Glyceryl Stearate;Stearyl Alcohol;Hamamelis Virginiana (Witch Hazel) Water;Cetearyl Alcohol;Cocamidopropyl Betaine;Butylene Glycol;PPG-2 Hydroxyethyl Cocamide;Urea;Yeast Amino Acids;Trehalose;Inositol;Taurine;Betaine;Cinnamomum Zeylanicum Bark Extract;Sarcosine;Capryloyl Glycine;Sodium Hyaluronate;Borago Officinalis Seed Oil;Helianthus Annuus (Sunflower) Seed Oil;Punica Granatum Extract;Sodium Lauroamphoacetate;Sodium Trideceth Sulfate;PEG-100 Stearate;Glyceryl Stearate;Tocopheryl Acetate;Ceteareth-20;PEG-32;Carbomer;Disodium EDTA;Aminomethyl Propanol;Phenoxyethanol;Caprylyl Glycol;Chlorphenesin;Fragrance (Parfum);Red 40 (CI 16035),",,,,,,,,,,cleanser,nan
Cleanser,CLINIQUE,"Take The Day Off Makeup Remover For Lids, Lashes & Lips Mini",9,3.4,Visit the CLINIQUE boutique,0,0,0,0,0,"take_the_day_off_makeup_remover_for_lids,_lashes_lips_mini",clinique,cleanser,"clinique_take_the_day_off_makeup_remover_for_lids,_lashes_lips_mini",,,,,,,,,,Visit the CLINIQUE boutique,,,,,,,,,,cleanser,nan
Cleanser,DR. DENNIS GROSS SKINCARE,One Step Acne Eliminating Pads,42,4.2,"Achillea Millefolium Extract, Alcohol Denat., Annatto, Ascorbic Acid, Bentonite, Bisabolol, Butylene Glycol, Caffeine, Camellia Sinensis Leaf Extract, Carnitine HCl, Chamomilla Recutita (Matricaria) Flower Extract, Citric Acid, Copper PCA, Cyclodextrin, Dimethyl Isosorbide, Disodium EDTA, Ethoxydiglycol, Farnesol, Fragrance, Glutamic Acid, Glutathione, Glycerin, Glycolic Acid, Hamamelis Virginiana (Witch Hazel) Leaf Extract, Lactic Acid, Malic Acid, Octoxynol-9, Pantothenic Acid, Pentasodium Pentetate, Phospholipids, Phytic Acid, Polysorbate 20, Potassium Azeloyl Diglycinate, Potassium Citrate, Potassium Gluconate, Potassium Hydroxide, Retinol, Saccharide Isomerate, Salix Alba (Willow) Bark Extract, Sodium Benzoate, Soy Isoflavones, Tetrapeptide-21, Vitex Agnus Castus Extract, Water, Zinc PCA.",0,0,0,0,0,one_step_acne_eliminating_pads,dr._dennis_gross_skincare,cleanser,dr._dennis_gross_skincare_one_step_acne_eliminating_pads,0.0,244.0,9796.0,4.2254,,Treatments,,1.73,2.49,"Achillea Millefolium Extract;Alcohol Denat,;Annatto;Ascorbic Acid;Bentonite;Bisabolol;Butylene Glycol;Caffeine;Camellia Sinensis Leaf Extract;Carnitine HCl;Chamomilla Recutita (Matricaria) Flower Extract;Citric Acid;Copper PCA;Cyclodextrin;Dimethyl Isosorbide;Disodium EDTA;Ethoxydiglycol;Farnesol;Fragrance;Glutamic Acid;Glutathione;Glycerin;Glycolic Acid;Hamamelis Virginiana (Witch Hazel) Leaf Extract;Lactic Acid;Malic Acid;Octoxynol-9;Pantothenic Acid;Pentasodium Pentetate;Phospholipids;Phytic Acid;Polysorbate 20;Potassium Azeloyl Diglycinate;Potassium Citrate;Potassium Gluconate;Potassium Hydroxide;Retinol;Saccharide Isomerate;Salix Alba (Willow) Bark Extract;Sodium Benzoate;Soy Isoflavones;Tetrapeptide-21;Vitex Agnus Castus Extract;Zinc PCA,",0.0,244.0,9796.0,4.2254,,Treatments,,1.73,2.49,treatment,Medium (7k - 13k)
Cleanser,EVE LOM,3 Muslin Cloths,22,4.3,Visit the Eve Lom boutique,0,0,0,0,0,3_muslin_cloths,eve_lom,cleanser,eve_lom_3_muslin_cloths,,,,,,,,,,Visit the Eve Lom boutique,,,,,,,,,,cleanser,nan
Cleanser,ERBORIAN,Eau Ginseng,39,4.5,"Water, Methyl Gluceth-20, 1,2-Hexanediol, Propylene Glycol, Glycyrrhiza Glabra (Licorice) Root Extract, Dioscorea Villosa (Wild Yam) Root Extract, Panax Ginseng Root Extract, Kigelia Africana Fruit Extract, Equisetum Giganteum Extract, Zingiber Officinale (Ginger) Extract, Peg-60 Hydrogenated Castor Oil, Butylene Glycol, Tocopheryl Acetate, Disodium Edta, Parfum/Fragrance, Hexyl Cinnamal, Alpha-Isomethyl Ionone.",0,0,0,0,0,eau_ginseng,erborian,cleanser,erborian_eau_ginseng,0.0,18.0,4486.0,4.2222,6.4,Moisturizers,6.09,23.46,0.4,"Methyl Gluceth-20;1,2-Hexanediol;Propylene Glycol;Glycyrrhiza Glabra (Licorice) Root Extract;Dioscorea Villosa (Wild Yam) Root Extract;Panax Ginseng Root Extract;Kigelia Africana Fruit Extract;Equisetum Giganteum Extract;Zingiber Officinale (Ginger) Extract;Peg-60 Hydrogenated Castor Oil;Butylene Glycol;Tocopheryl Acetate;Disodium Edta;Parfum/Fragrance;Hexyl Cinnamal;Alpha-Isomethyl Ionone,",0.0,18.0,4486.0,4.2222,6.4,Moisturizers,6.09,23.46,0.4,treatment,Low (3k - 7k)
Cleanser,ERBORIAN,Solid Cleansing Oil,39,4.4,"Helianthus Annuus (Sunflower) Seed Oil, Cocos Nucifera (Coconut) Oil, Caprylic/Capric Triglyceride, Hydrogenated Vegetable Oil, Mipa-Laureth Sulfate, Laureth-3, Cera Alba/Beeswax, Prunus Amygdalus Dulcis (Sweet Almond) Oil, Laureth-7 Citrate, Glyceryl Dibehenate, Centella Asiatica Extract, Camellia Sinensis Leaf Extract, Butyrospermum Parkii (Shea) Butter, Ophiopogon Japonicus Root Extract, Polygonum Cuspidatum Root Extract, Scutellaria Baicalensis Root Extract, Glycyrrhiza Glabra (Licorice) Root Extract, Chamomilla Recutita (Matricaria) Flower Extract, Rosmarinus Officinalis (Rosemary) Leaf Extract, Hydrogenated Palm Glycerides Citrate, Tocopherol, Tri-Behenin, Glyceryl Behenate, Tocopherol, Butylene Glycol, Aqua/Water, Parfum/Fragrance, Limonene, Linalool, Ci 42090/Blue 1, Ci 19140/Yellow5.",1,1,1,1,1,solid_cleansing_oil,erborian,cleanser,erborian_solid_cleansing_oil,,,,,,,,,,"Helianthus Annuus (Sunflower) Seed Oil;Cocos Nucifera (Coconut) Oil;Caprylic/Capric Triglyceride;Hydrogenated Vegetable Oil;Mipa-Laureth Sulfate;Laureth-3;Cera Alba/Beeswax;Prunus Amygdalus Dulcis (Sweet Almond) Oil;Laureth-7 Citrate;Glyceryl Dibehenate;Centella Asiatica Extract;Camellia Sinensis Leaf Extract;Butyrospermum Parkii (Shea) Butter;Ophiopogon Japonicus Root Extract;Polygonum Cuspidatum Root Extract;Scutellaria Baicalensis Root Extract;Glycyrrhiza Glabra (Licorice) Root Extract;Chamomilla Recutita (Matricaria) Flower Extract;Rosmarinus Officinalis (Rosemary) Leaf Extract;Hydrogenated Palm Glycerides Citrate;Tocopherol;Tri-Behenin;Glyceryl Behenate;Tocopherol;Butylene Glycol;Aqua/Water;Parfum/Fragrance;Limonene;Linalool;Ci 42090/Blue 1;Ci 19140/Yellow5,",,,,,,,,,,cleanser,nan
Cleanser,NUFACE,Prep-N-Glow™ Cloths,20,4.7,"Water, Polyglyceryl-4 Laurate/Succinate, Betaine, Phenoxyethanol, Saccharomyces/Copper Ferment, Ethylhexylglycerin, Fragrance, Glycerin, Saccharomyces/Magnesium Ferment, Saccharomyces/Zinc Ferment, Sodium Citrate, Sodium Hyaluronate, Vitis Vinifera (Grape) Seed Powder Extract, Aristotelia Chilensis (Maqui Berry) Fruit Juice, Glycyrrhiza Glabra (Licorice) Root Extract, Ginkgo Biloba Leaf Extract, Carya Ovata Bark Extract.",1,1,1,1,1,prep_n_glow_cloths,nuface,cleanser,nuface_prep_n_glow_cloths,,,,,,,,,,"Polyglyceryl-4 Laurate/Succinate;Betaine;Phenoxyethanol;Saccharomyces/Copper Ferment;Ethylhexylglycerin;Fragrance;Glycerin;Saccharomyces/Magnesium Ferment;Saccharomyces/Zinc Ferment;Sodium Citrate;Sodium Hyaluronate;Vitis Vinifera (Grape) Seed Powder Extract;Aristotelia Chilensis (Maqui Berry) Fruit Juice;Glycyrrhiza Glabra (Licorice) Root Extract;Ginkgo Biloba Leaf Extract;Carya Ovata Bark Extract,",0.0,135.0,8898.0,4.7556,,,,3.52,1.52,cleanser,nan
Cleanser,TARTE,FRXXXTION Stick Exfoliating Cleanser,22,4.6,"Water, Butylene Glycol, Sodium Stearate, Bis-PEG-18 Methyl Ether Dimethyl Silane, Glycerin, Diatomaceous Earth, Sodium Lauroyl Methyl Isethionate, Cocamidopropyl Betaine, Quaternium-90 Sepiolite, Charcoal Powder, Sodium Methyl Oleoyl Taurate, Sodium Cocoyl Isethionate, Quaternium-90 Montmorillonite, Kaolin, Phenoxyethanol, Chlorphenesin, Sodium Benzoate.",1,1,1,1,1,frxxxtion_stick_exfoliating_cleanser,tarte,cleanser,tarte_frxxxtion_stick_exfoliating_cleanser,,,,,,,,,,"Butylene Glycol;Sodium Stearate;Bis-PEG-18 Methyl Ether Dimethyl Silane;Glycerin;Diatomaceous Earth;Sodium Lauroyl Methyl Isethionate;Cocamidopropyl Betaine;Quaternium-90 Sepiolite;Charcoal Powder;Sodium Methyl Oleoyl Taurate;Sodium Cocoyl Isethionate;Quaternium-90 Montmorillonite;Kaolin;Phenoxyethanol;Chlorphenesin;Sodium Benzoate,",,,,,,,,,,cleanser,nan
Cleanser,CLINIQUE,Foaming Sonic Facial Soap,21,4.1,Visit the CLINIQUE boutique,0,0,0,0,0,foaming_sonic_facial_soap,clinique,cleanser,clinique_foaming_sonic_facial_soap,,,,,,,,,,Visit the CLINIQUE boutique,,,,,,,,,,cleanser,nan
Cleanser,KATE SOMERVILLE,Clarifying Treatment Toner,26,4.2,"Water, Methyl Gluceth-10, Hamamelis Virginiana (Witch Hazel) Water, Butylene Glycol, Phytic Acid, Chamomilla Recutita (Matricaria) Extract, Aloe Barbadensis Leaf Juice Powder, Panthenol, Nordihydroguaiaretic Acid, Oleanolic Acid, Glycerin, PEG-60 Almond Glycerides, Caprylyl Glycol, Lactic Acid, Potassium Sorbate, Sodium Benzoate, Disodium EDTA, Carbomer, Sodium Hydroxide, Chlorphenesin.",0,0,0,0,0,clarifying_treatment_toner,kate_somerville,cleanser,kate_somerville_clarifying_treatment_toner,,,,,,,,,,"Methyl Gluceth-10;Hamamelis Virginiana (Witch Hazel) Water;Butylene Glycol;Phytic Acid;Chamomilla Recutita (Matricaria) Extract;Aloe Barbadensis Leaf Juice Powder;Panthenol;Nordihydroguaiaretic Acid;Oleanolic Acid;Glycerin;PEG-60 Almond Glycerides;Caprylyl Glycol;Lactic Acid;Potassium Sorbate;Sodium Benzoate;Disodium EDTA;Carbomer;Sodium Hydroxide;Chlorphenesin,",,,,,,,,,,cleanser,nan
Cleanser,KLORANE,Waterproof Eye Make-Up Remover with Soothing Cornflower,16,4.5,"Water, Isododecane, Caprylic/Capric Triglyceride, Butylene Glycol, Centaurea Cyanus Flower Water, Sodium Chloride, Blue 1 (CI42090), Disodium EDTA, Isopropyl Palmitate, Phenethyl Alcohol, Red 40 (CI 16035), Sodium Benzoate.",0,0,0,0,0,waterproof_eye_make_up_remover_with_soothing_cornflower,klorane,cleanser,klorane_waterproof_eye_make_up_remover_with_soothing_cornflower,,,,,,,,,,"Isododecane;Caprylic/Capric Triglyceride;Butylene Glycol;Centaurea Cyanus Flower Water;Sodium Chloride;Blue 1 (CI42090);Disodium EDTA;Isopropyl Palmitate;Phenethyl Alcohol;Red 40 (CI 16035);Sodium Benzoate,",,,,,,,,,,cleanser,nan
Cleanser,KATE SOMERVILLE,Kate's Mini Must Haves,55,0.0,"Isopropyl Alcohol, Water, Camphor, Magnesium Aluminum Silicate, Salicylic Acid, Iron Oxides (CI 77489, CI 77491, CI 77492, CI 77499), Zinc Oxide (CI 77947).",1,1,1,1,0,kate's_mini_must_haves,kate_somerville,cleanser,kate_somerville_kate's_mini_must_haves,,,,,,,,,,"Isopropyl Alcohol;Camphor;Magnesium Aluminum Silicate;Salicylic Acid;Iron Oxides (CI 77489;CI 77491;CI 77492;CI 77499);Zinc Oxide (CI 77947),",,,,,,,,,,cleanser,nan
Cleanser,BOBBI BROWN,Instant Long-Wear Makeup Remover,30,4.5,"Water, Isohexadecane, Dimethicone, Cyclopentasiloxane, Trisiloxane, Sodium Chloride, Hexylene Glycol, Peg-4 Dilaurate, Lauryl Methyl Gluceth-10 Hydroxypropyldimonium Chloride, Potassium Phosphate, Dipotassium Phosphate, Dipotassium Edta, Phenoxyethanol",0,0,0,0,0,instant_long_wear_makeup_remover,bobbi_brown,cleanser,bobbi_brown_instant_long_wear_makeup_remover,,,,,,,,,,Isohexadecane;Dimethicone;Cyclopentasiloxane;Trisiloxane;Sodium Chloride;Hexylene Glycol;Peg-4 Dilaurate;Lauryl Methyl Gluceth-10 Hydroxypropyldimonium Chloride;Potassium Phosphate;Dipotassium Phosphate;Dipotassium Edta;Phenoxyethanol,,,,,,,,,,cleanser,nan
Cleanser,FIRST AID BEAUTY,Skin Rescue Acne Clearing Charcoal Cleanser with Probiotics,24,3.9,"Water, Disodium Laureth Sulfosuccinate, Bentonite, Cocamidopropyl Betaine, Sodium Cocoyl Isethionate, Glycerin, Kaolin, Charcoal Powder, Chrysanthemum Parthenium Extract, Camellia Sinensis Leaf Extract, Glycyrrhiza Glabra Root Extract, Vanilla Planifolia Fruit Extract, Yogurt Extract, Mel (Honey, Miel), Caprylyl Glycol, Tocopheryl Acetate, Xanthan Gum, Sodium Chloride, Quartz, Leuconostoc/Radish Root Ferment Filtrate, Tetrasodium EDTA, EDTA, Phenoxyethanol.",1,1,1,1,1,skin_rescue_acne_clearing_charcoal_cleanser_with_probiotics,first_aid_beauty,cleanser,first_aid_beauty_skin_rescue_acne_clearing_charcoal_cleanser_with_probiotics,,,,,,,,,,"Disodium Laureth Sulfosuccinate;Bentonite;Cocamidopropyl Betaine;Sodium Cocoyl Isethionate;Glycerin;Kaolin;Charcoal Powder;Chrysanthemum Parthenium Extract;Camellia Sinensis Leaf Extract;Glycyrrhiza Glabra Root Extract;Vanilla Planifolia Fruit Extract;Yogurt Extract;Mel (Honey;Miel);Caprylyl Glycol;Tocopheryl Acetate;Xanthan Gum;Sodium Chloride;Quartz;Leuconostoc/Radish Root Ferment Filtrate;Tetrasodium EDTA;EDTA;Phenoxyethanol,",,,,,,,,,,cleanser,nan
Cleanser,PHILOSOPHY,Purity Made Simple® Facial Cleansing Gel & Eye Makeup Remover,23,0.0,"Water, Sodium Trideceth Sulfate, Disodium Lauroamphodiacetate, Acrylates Copolymer, Polysorbate 20, Sodium C14-16 Olefin Sulfonate, Glycerin, Cocamidopropyl Betaine, Isopropyl Alcohol, Sodium Sulfate, Limnanthes Alba (Meadowfoam) Seed Oil, Aniba Rosaeodora (Rosewood) Wood Oil, Pelargonium Graveolens Flower Oil, Bulnesia Sarmientoi Wood Oil, Cymbopogon Martini Oil, Rosa Centifolia Flower Oil, Amyris Balsamifera Bark Oil, Santalum Album (Sandalwood) Oil, Salvia Sclarea (Clary) Oil, Ormenis Multicaulis Oil, Acacia Dealbata Flower/Stem Extract, Daucus Carota Sativa (Carrot) Seed Oil, Piper Nigrum (Pepper) Fruit Oil, Disteareth-75 Ipdi, Glycereth-7 Caprylate/Caprate, Potassium Chloride, Hydrogen Peroxide, Magnesium Nitrate, Magnesium Chloride, Sodium Benzotriazolyl Butylphenol Sulfonate, Buteth-3, Tributyl Citrate, Sodium Hydroxide, Sodium Chloride, Disodium Edta, Citric Acid, Linalool, Methylchloroisothiazolinone, Methylisothiazolinone.",0,0,0,0,0,purity_made_simple_facial_cleansing_gel_eye_makeup_remover,philosophy,cleanser,philosophy_purity_made_simple_facial_cleansing_gel_eye_makeup_remover,,,,,,,,,,"Sodium Trideceth Sulfate;Disodium Lauroamphodiacetate;Acrylates Copolymer;Polysorbate 20;Sodium C14-16 Olefin Sulfonate;Glycerin;Cocamidopropyl Betaine;Isopropyl Alcohol;Sodium Sulfate;Limnanthes Alba (Meadowfoam) Seed Oil;Aniba Rosaeodora (Rosewood) Wood Oil;Pelargonium Graveolens Flower Oil;Bulnesia Sarmientoi Wood Oil;Cymbopogon Martini Oil;Rosa Centifolia Flower Oil;Amyris Balsamifera Bark Oil;Santalum Album (Sandalwood) Oil;Salvia Sclarea (Clary) Oil;Ormenis Multicaulis Oil;Acacia Dealbata Flower/Stem Extract;Daucus Carota Sativa (Carrot) Seed Oil;Piper Nigrum (Pepper) Fruit Oil;Disteareth-75 Ipdi;Glycereth-7 Caprylate/Caprate;Potassium Chloride;Hydrogen Peroxide;Magnesium Nitrate;Magnesium Chloride;Sodium Benzotriazolyl Butylphenol Sulfonate;Buteth-3;Tributyl Citrate;Sodium Hydroxide;Sodium Chloride;Disodium Edta;Citric Acid;Linalool;Methylchloroisothiazolinone;Methylisothiazolinone,",,,,,,,,,,cleanser,nan
Cleanser,LANCER,The Method: Cleanse,55,4.4,"Water, Sodium Laureth Sulfate, Cocamidopropyl Betaine, PPG-2 Hydroxyethyl Cocamide, Glycerin, Glycol Distearate, Aloe Barbadensis Leaf Juice, Yeast Amino Acids, Lavandula Angustifolia (Lavender) Oil, Hydrolyzed Rice Protein, Trehalose, Sodium PCA, Salicylic Acid, Inositol, Taurine, Urea, Betaine, Panthenol, Polyquaternium-4, Disodium EDTA, Citric Acid, Pentylene Glycol, Caprylyl Glycol, Phenoxyethanol, Chlorphenesin, Methylisothiazolinone, Methylchloroisothiazolinone, Potassium Sorbate, Fragrance, Linalool.",1,0,1,0,0,the_method:_cleanse,lancer,cleanser,lancer_the_method:_cleanse,,,,,,,,,,"Sodium Laureth Sulfate;Cocamidopropyl Betaine;PPG-2 Hydroxyethyl Cocamide;Glycerin;Glycol Distearate;Aloe Barbadensis Leaf Juice;Yeast Amino Acids;Lavandula Angustifolia (Lavender) Oil;Hydrolyzed Rice Protein;Trehalose;Sodium PCA;Salicylic Acid;Inositol;Taurine;Urea;Betaine;Panthenol;Polyquaternium-4;Disodium EDTA;Citric Acid;Pentylene Glycol;Caprylyl Glycol;Phenoxyethanol;Chlorphenesin;Methylisothiazolinone;Methylchloroisothiazolinone;Potassium Sorbate;Fragrance;Linalool,",,,,,,,,,,cleanser,nan
Cleanser,PETER THOMAS ROTH,Irish Moor Mud Purifying Cleanser Gel,38,4.3,"Water, Sodium Laureth Sulfate, Glycerin, Cocamidopropyl Betaine, Lauryl Glucoside, Propylene Glycol, Peat, Charcoal Powder, Sargassum Fusiforme Extract, Lava Powder, Salicylic Acid, Lactic Acid, Salix Nigra (Willow) Bark Extract, Allantoin, Panthenol, BHT, Sodium Hydroxide, Xanthan Gum, Melaleuca Alternifolia (Tea Tree) Leaf Oil, Mica, Sodium Benzoate, Potassium Sorbate, Phenoxyethanol.",0,0,0,0,0,irish_moor_mud_purifying_cleanser_gel,peter_thomas_roth,cleanser,peter_thomas_roth_irish_moor_mud_purifying_cleanser_gel,,,,,,,,,,"Sodium Laureth Sulfate;Glycerin;Cocamidopropyl Betaine;Lauryl Glucoside;Propylene Glycol;Peat;Charcoal Powder;Sargassum Fusiforme Extract;Lava Powder;Salicylic Acid;Lactic Acid;Salix Nigra (Willow) Bark Extract;Allantoin;Panthenol;BHT;Sodium Hydroxide;Xanthan Gum;Melaleuca Alternifolia (Tea Tree) Leaf Oil;Mica;Sodium Benzoate;Potassium Sorbate;Phenoxyethanol,",,,,,,,,,,cleanser,nan
Cleanser,ERBORIAN,Double Mousse Gentle Cleansing Foam,28,4.5,"Water, Glycerin, Disodium Cocoamphodiacetate, Coco-Betaine, Sodium Chloride, Sodium Methyl Cocoyl Taurate, Vaccinium Myrtillus Fruit Extract, Salix Alba (Willow) Bark Extract, Acer Saccharum (Sugar Maple) Extract, Citrus Aurantium Dulcis (Orange) Fruit Extract, Citrus Limon (Lemon) Fruit Extract, Centella Asiatica Extract, Saccharum Officinarum (Sugar Cane) Extract, Scutellaria Baicalensis Root Extract, Polygonum Cuspidatum Root Extract, Glycyrrhiza Glabra (Licorice) Root Extract, Chamomilla Recutita (Matricaria) Flower Extract, Camellia Sinensis Leaf Extract, Rosmarinus Officinalis (Rosemary) Leaf Extract, Sodium Citrate, Panthenol, Butylene Glycol, Ethylhexylglycerin, Polyquaternium-7, Phenoxyethanol, Fragrance, Limonene, Linalool, Citral, Ci 19140/Yellow 5, Ci 42090/Blue 1.",0,0,0,0,0,double_mousse_gentle_cleansing_foam,erborian,cleanser,erborian_double_mousse_gentle_cleansing_foam,,,,,,,,,,"Glycerin;Disodium Cocoamphodiacetate;Coco-Betaine;Sodium Chloride;Sodium Methyl Cocoyl Taurate;Vaccinium Myrtillus Fruit Extract;Salix Alba (Willow) Bark Extract;Acer Saccharum (Sugar Maple) Extract;Citrus Aurantium Dulcis (Orange) Fruit Extract;Citrus Limon (Lemon) Fruit Extract;Centella Asiatica Extract;Saccharum Officinarum (Sugar Cane) Extract;Scutellaria Baicalensis Root Extract;Polygonum Cuspidatum Root Extract;Glycyrrhiza Glabra (Licorice) Root Extract;Chamomilla Recutita (Matricaria) Flower Extract;Camellia Sinensis Leaf Extract;Rosmarinus Officinalis (Rosemary) Leaf Extract;Sodium Citrate;Panthenol;Butylene Glycol;Ethylhexylglycerin;Polyquaternium-7;Phenoxyethanol;Fragrance;Limonene;Linalool;Citral;Ci 19140/Yellow 5;Ci 42090/Blue 1,",,,,,,,,,,cleanser,nan
Cleanser,CLINIQUE,Fresh Pressed 7-day System with Pure Vitamin C,27,4.1,"Water , Ascorbic Acid , Glycerin , Dimethicone , Squalane , Butylene Glycol , Dipropylene Glycol , Acetyl Glucosamine , Cucumis Sativus (Cucumber) Fruit Extract , Hordeum Vulgare (Barley) Extract/Extrait D'Orge , Morus Nigra (Mulberry) Root Extract , Molasses Extract/Saccharum Officinarum/Extrait De Melasse , Laminaria Digitata Extract , Scutellaria Baicalensis Root Extract , Acetyl Hexapeptide-8 , Vitis Vinifera (Grape) Fruit Extract , Algae Extract , Palmitoyl Hexapeptide-12 , Palmitoyl Tripeptide-1 , Palmitoyl Tetrapeptide-7 , Alcaligenes Polysaccharides , Caffeine , Sucrose , Whey Protein/Lactis Protein/Proteine Du Petit-Lait , Betaine , Salicylic Acid , Glycine Soja (Soybean) Protein , Sodium Hyaluronate , Caprylyl Glycol , Sigesbeckia Orientalis (St. Paul'S Wort) Extract , Bis-Peg-18 Methyl Ether Dimethyl Silane , Propylene Glycol Dicaprate , Helianthus Annuus (Sunflower) Seedcake , Allyl Methacrylates Crosspolymer , Carbomer , Glyceryl Polymethacrylate , Tromethamine , Xanthan Gum , Potassium Sorbate , Peg-8 , Polysorbate 20 , Sodium Citrate , Disodium Edta , Phenoxyethanol Rds Product Name: Fresh Pressed Powder Cleanser Division: Cl (Clinique)Maltodextrin , Sodium Lauryl Sulfoacetate , Sodium Cocoyl Isethionate , Sodium Methyl Cocoyl Taurate , Kaolin , Ascorbic Acid , Sodium Chloride , Sapindus Mukurossi Peel Extract , Salicylic Acid , Allyl Methacrylates Crosspolymer , Cyclodextrin , Coconut Acid , Ethylbisiminomethylguaiacol Manganese Chloride , Water , Disodium Edta",1,1,1,1,1,fresh_pressed_7_day_system_with_pure_vitamin_c,clinique,cleanser,clinique_fresh_pressed_7_day_system_with_pure_vitamin_c,0.0,37.0,6026.0,4.0541,,Treatments,,10.96,0.61,"Ascorbic Acid;Glycerin;Dimethicone;Squalane;Butylene Glycol;Dipropylene Glycol;Acetyl Glucosamine;Cucumis Sativus (Cucumber) Fruit Extract;Hordeum Vulgare (Barley) Extract/Extrait D'Orge;Morus Nigra (Mulberry) Root Extract;Molasses Extract/Saccharum Officinarum/Extrait De Melasse;Laminaria Digitata Extract;Scutellaria Baicalensis Root Extract;Acetyl Hexapeptide-8;Vitis Vinifera (Grape) Fruit Extract;Algae Extract;Palmitoyl Hexapeptide-12;Palmitoyl Tripeptide-1;Palmitoyl Tetrapeptide-7;Alcaligenes Polysaccharides;Caffeine;Sucrose;Whey Protein/Lactis Protein/Proteine Du Petit-Lait;Betaine;Salicylic Acid;Glycine Soja (Soybean) Protein;Sodium Hyaluronate;Caprylyl Glycol;Sigesbeckia Orientalis (St, Paul'S Wort) Extract;Bis-Peg-18 Methyl Ether Dimethyl Silane;Propylene Glycol Dicaprate;Helianthus Annuus (Sunflower) Seedcake;Allyl Methacrylates Crosspolymer;Carbomer;Glyceryl Polymethacrylate;Tromethamine;Xanthan Gum;Potassium Sorbate;Peg-8;Polysorbate 20;Sodium Citrate;Disodium Edta;Phenoxyethanol Rds Product Name: Fresh Pressed Powder Cleanser Division: Cl (Clinique)Maltodextrin;Sodium Lauryl Sulfoacetate;Sodium Cocoyl Isethionate;Sodium Methyl Cocoyl Taurate;Kaolin;Ascorbic Acid;Sodium Chloride;Sapindus Mukurossi Peel Extract;Salicylic Acid;Allyl Methacrylates Crosspolymer;Cyclodextrin;Coconut Acid;Ethylbisiminomethylguaiacol Manganese Chloride;Disodium Edta",0.0,37.0,6026.0,4.0541,,Treatments,,10.96,0.61,treatment,Low (3k - 7k)
Cleanser,BEAUTYBIO,GloPRO® Prep Pads Clarifying Skin Cleansing Wipes with Peptides,35,4.0,"Water, Sorbitan Oleate Decyl-Glucoside Crosspolymer, Cocyl Arginine Amide, Myristoyl Tetrapeptide-13, Myristoyl, Hexapeptide-23, Glyceryl Caprylate, Syringa Vulgaris (Lilac) Extract, Pelargonium Graveolens Flower Essential Oil, Lavandula Angustifolia (Lavender) Essential Oil, Guar Hydroxypropyltrimonium Chloride, 1,2-Hexanediol, Maltodextrin, Cymbopogon Schoenanthus Essential Oil, Polysorbate 60, Caprylyl Glycol, Cedrus Atlantica Bark (Cedarwood) Essential Oil, Polysorbate 80, Simethicone, Citric Acid.",1,1,1,1,1,glopro_prep_pads_clarifying_skin_cleansing_wipes_with_peptides,beautybio,cleanser,beautybio_glopro_prep_pads_clarifying_skin_cleansing_wipes_with_peptides,,,,,,,,,,"Sorbitan Oleate Decyl-Glucoside Crosspolymer;Cocyl Arginine Amide;Myristoyl Tetrapeptide-13;Myristoyl;Hexapeptide-23;Glyceryl Caprylate;Syringa Vulgaris (Lilac) Extract;Pelargonium Graveolens Flower Essential Oil;Lavandula Angustifolia (Lavender) Essential Oil;Guar Hydroxypropyltrimonium Chloride;1,2-Hexanediol;Maltodextrin;Cymbopogon Schoenanthus Essential Oil;Polysorbate 60;Caprylyl Glycol;Cedrus Atlantica Bark (Cedarwood) Essential Oil;Polysorbate 80;Simethicone;Citric Acid,",,,,,,,,,,cleanser,nan
Cleanser,GO-TO,Exfoliating Swipeys,35,4.9,"Water, Lactic Acid, Aloe Vera, Ethanol, Propanediol, Polysorbate 20, Fragrance (Natural Mandarin And Lemon), Dehydroacetic Acid, Benzyl Alcohol, Sodium Citrate, Potassium Sorbate.",1,1,1,1,1,exfoliating_swipeys,go_to,cleanser,go_to_exfoliating_swipeys,,,,,,,,,,"Lactic Acid;Aloe Vera;Ethanol;Propanediol;Polysorbate 20;Fragrance (Natural Mandarin And Lemon);Dehydroacetic Acid;Benzyl Alcohol;Sodium Citrate;Potassium Sorbate,",,,,,,,,,,cleanser,nan
Cleanser,PERRICONE MD,PRE:EMPT SERIES™ Exfoliating Pore Refiner,45,4.5,"Water, Polysorbate 20, Vaccinium Myrtillus Fruit Extract, Betaine Salicylate, Triethyl Citrate, Dimethyl MEA, Citrus Aurantium Dulcis (Orange) Fruit Extract, Citrus Limon (Lemon) Fruit Extract, Acer Saccharum (Sugar Maple) Extract, Olea Europaea (Olive) Leaf Extract, Epigallocatechin Gallatyl Glucoside, Tetrahydrodiferuloylmethane, Saccharum Officinarum (Sugar Cane) Extract, Tetrahydrodemethoxydiferuloylmethane, Lepidium Sativum Sprout Extract, Tetrahydrobisdemethoxydiferuloylmethane, Tocopherol, Lecithin, Xanthan Gum, Disodium EDTA, Glycerin, Benzyl Alcohol, Potassium Sorbate, Phenoxyethanol, Fragrance/Parfum, Amyl Cinnamal, Hydroxycitronellal, Linalool.",1,1,1,1,1,pre:empt_series_exfoliating_pore_refiner,perricone_md,cleanser,perricone_md_pre:empt_series_exfoliating_pore_refiner,,,,,,,,,,"Polysorbate 20;Vaccinium Myrtillus Fruit Extract;Betaine Salicylate;Triethyl Citrate;Dimethyl MEA;Citrus Aurantium Dulcis (Orange) Fruit Extract;Citrus Limon (Lemon) Fruit Extract;Acer Saccharum (Sugar Maple) Extract;Olea Europaea (Olive) Leaf Extract;Epigallocatechin Gallatyl Glucoside;Tetrahydrodiferuloylmethane;Saccharum Officinarum (Sugar Cane) Extract;Tetrahydrodemethoxydiferuloylmethane;Lepidium Sativum Sprout Extract;Tetrahydrobisdemethoxydiferuloylmethane;Tocopherol;Lecithin;Xanthan Gum;Disodium EDTA;Glycerin;Benzyl Alcohol;Potassium Sorbate;Phenoxyethanol;Fragrance/Parfum;Amyl Cinnamal;Hydroxycitronellal;Linalool,",,,,,,,,,,cleanser,nan
Cleanser,GLAMGLOW,POWERMUD™ Dualcleanse Treatment,59,3.9,"Water, Bentonite, Glycerin, Hamamelis Virginiana (Witch Hazel) Water, Magnesium Aluminum Silicate, Calcium Carbonate, Squalane, Kaolin, Pyrus Malus (Apple) Fruit Extract, Xanthan Gum, Methyl Gluceth-20, Niacinamide, Montmorillonite, Verbascum Thapsus (Mullein) Extract, Oryza Sativa (Rice) Powder, Verbascum Thapsus Leaf Extract, Panthenol, Caprylyl Glycol, Plankton Extract, Opuntia Ficus-Indica Seed Oil, Lavandula Angustifolia (Lavender) Extract, Allantoin, Urea, Yeast Amino Acids, Betaine, Chamomilla Recutita (Matricaria) Flower Extract, Inositol, Pinus Sylvestris (Pine) Leaf Oil, Trehalose, Sapindus Mukurossi Peel Extract, Dipotassium Glycyrrhizate, Ascorbyl Glucoside, Tocopheryl Acetate, Commiphora Myrrha (Myrrh) Oil, Taurine, Pentylene Glycol, Leuconostoc/Radish Root Ferment Filtrate, Butylene Glycol, Boswellia Carterii Oil, Fragrance, Alpha-Isomethyl Ionone, Limonene, Disodium Edta, Hydroxyphenyl Propamidobenzoic Acid, Potassium Sorbate, Phenoxyethanol, Chlorphenesin, Titanium Dioxide (Ci 77891)",1,1,1,1,0,powermud_dualcleanse_treatment,glamglow,cleanser,glamglow_powermud_dualcleanse_treatment,,,,,,,,,,Bentonite;Glycerin;Hamamelis Virginiana (Witch Hazel) Water;Magnesium Aluminum Silicate;Calcium Carbonate;Squalane;Kaolin;Pyrus Malus (Apple) Fruit Extract;Xanthan Gum;Methyl Gluceth-20;Niacinamide;Montmorillonite;Verbascum Thapsus (Mullein) Extract;Oryza Sativa (Rice) Powder;Verbascum Thapsus Leaf Extract;Panthenol;Caprylyl Glycol;Plankton Extract;Opuntia Ficus-Indica Seed Oil;Lavandula Angustifolia (Lavender) Extract;Allantoin;Urea;Yeast Amino Acids;Betaine;Chamomilla Recutita (Matricaria) Flower Extract;Inositol;Pinus Sylvestris (Pine) Leaf Oil;Trehalose;Sapindus Mukurossi Peel Extract;Dipotassium Glycyrrhizate;Ascorbyl Glucoside;Tocopheryl Acetate;Commiphora Myrrha (Myrrh) Oil;Taurine;Pentylene Glycol;Leuconostoc/Radish Root Ferment Filtrate;Butylene Glycol;Boswellia Carterii Oil;Fragrance;Alpha-Isomethyl Ionone;Limonene;Disodium Edta;Hydroxyphenyl Propamidobenzoic Acid;Potassium Sorbate;Phenoxyethanol;Chlorphenesin;Titanium Dioxide (Ci 77891),,,,,,,,,,cleanser,nan
Cleanser,FIRST AID BEAUTY,Facial Radiance Polish,25,4.2,"Water, Sodium Cocoyl Isethionate, Behenyl Alcohol, Sodium Lauryl Sulfoacetate, Sodium Chloride, Propanediol, Cocamidopropyl Hydroxysultaine, Polyglyceryl-3 Diisostearate, Glyceryl Stearate SE, Butyrospermum Parkii Nut Shell Powder, Sodium Sulfate, Butylene Glycol, C12-15 Alkyl Lactate, Glycerin, Colloidal Oatmeal, Butyrospermum Parkii Butter, Vitis Vinifera Seed Oil, Sodium Hydroxide, Copernicia Cerifera Cera, Ethylhexylglycerin, Hydroxyethylcellulose, Panthenol, Salix Nigra Bark Extract, Symphytum Officinale Extract, Hydroxypropyl Guar, Carbomer, Citric Acid, Sodium Phytate, Aloe Barbadensis Leaf Juice, Citrus Aurantium Amara Peel Oil, Ceramide 3, Chrysanthemum Parthenium Extract, Rubus Idaeus Fruit Extract, Glycyrrhiza Glabra Root Extract, Camellia Sinensis Leaf Extract, Lactic Acid, Sodium Acetate, Cellulose, Phenoxyethanol, Chlorphenesin, Sodium Benzoate, Limonene, CI 77891.",1,1,1,1,1,facial_radiance_polish,first_aid_beauty,cleanser,first_aid_beauty_facial_radiance_polish,,,,,,,,,,"Sodium Cocoyl Isethionate;Behenyl Alcohol;Sodium Lauryl Sulfoacetate;Sodium Chloride;Propanediol;Cocamidopropyl Hydroxysultaine;Polyglyceryl-3 Diisostearate;Glyceryl Stearate SE;Butyrospermum Parkii Nut Shell Powder;Sodium Sulfate;Butylene Glycol;C12-15 Alkyl Lactate;Glycerin;Colloidal Oatmeal;Butyrospermum Parkii Butter;Vitis Vinifera Seed Oil;Sodium Hydroxide;Copernicia Cerifera Cera;Ethylhexylglycerin;Hydroxyethylcellulose;Panthenol;Salix Nigra Bark Extract;Symphytum Officinale Extract;Hydroxypropyl Guar;Carbomer;Citric Acid;Sodium Phytate;Aloe Barbadensis Leaf Juice;Citrus Aurantium Amara Peel Oil;Ceramide 3;Chrysanthemum Parthenium Extract;Rubus Idaeus Fruit Extract;Glycyrrhiza Glabra Root Extract;Camellia Sinensis Leaf Extract;Lactic Acid;Sodium Acetate;Cellulose;Phenoxyethanol;Chlorphenesin;Sodium Benzoate;Limonene;CI 77891,",,,,,,,,,,cleanser,nan
Cleanser,ORIGINS,Modern Friction™ Cleansing Oil with Radiance-Boosting White & Purple Rice,29,4.5,"Glycereth-26, Glycine Soja (Soybean) Oil, Peg-25 Glyceryl Trioleate, Polysorbate 85, Peg-12 Diisostearate, Citrus Limon (Lemon) Peel Oil*, Citrus Aurantium Dulcis (Orange) Peel Oil*, Citrus Grandis (Grapefruit) Peel Oil*, Mentha Viridis (Spearmint) Leaf Oil*, Citrus Aurantium Bergamia (Bergamot) Fruit Oil*, Ricinus Communis (Castor) Seed Oil, Cucumis Sativus (Cucumber) Fruit Extract, Cinnamomum Camphora (Camphor) Leaf Extract, Limonene, Linalool, Citral, Sorbitan Trioleate, Oryza Sativa (Rice) Bran Oil, Oryza Sativa (Rice) Extract, Butylene Glycol, Tocopheryl Acetate, Benzophenone-4, Tocopherol, Dextrin, Water, Yellow 5 (Ci 19140), Red 33 (Ci 17200), Ext. Violet 2 (Ci 60730) * Essential Oil Please be aware that ingredient lists may change or vary from time to time.� Please refer to the ingredient list on the product package you receive for the most up to date list of ingredients.",1,1,1,1,0,modern_friction_cleansing_oil_with_radiance_boosting_white_purple_rice,origins,cleanser,origins_modern_friction_cleansing_oil_with_radiance_boosting_white_purple_rice,,,,,,,,,,"Glycereth-26;Glycine Soja (Soybean) Oil;Peg-25 Glyceryl Trioleate;Polysorbate 85;Peg-12 Diisostearate;Citrus Limon (Lemon) Peel Oil*;Citrus Aurantium Dulcis (Orange) Peel Oil*;Citrus Grandis (Grapefruit) Peel Oil*;Mentha Viridis (Spearmint) Leaf Oil*;Citrus Aurantium Bergamia (Bergamot) Fruit Oil*;Ricinus Communis (Castor) Seed Oil;Cucumis Sativus (Cucumber) Fruit Extract;Cinnamomum Camphora (Camphor) Leaf Extract;Limonene;Linalool;Citral;Sorbitan Trioleate;Oryza Sativa (Rice) Bran Oil;Oryza Sativa (Rice) Extract;Butylene Glycol;Tocopheryl Acetate;Benzophenone-4;Tocopherol;Dextrin;Yellow 5 (Ci 19140);Red 33 (Ci 17200);Ext, Violet 2 (Ci 60730) * Essential Oil Please be aware that ingredient lists may change or vary from time to time,� Please refer to the ingredient list on the product package you receive for the most up to date list of ingredients,",,,,,,,,,,cleanser,nan
Cleanser,LA MER,The Cleansing Micellar Water,95,4.5,"Declustered Water (-)/Aqua/Eau De-Structuree (-), Declustered Water (+)/Aqua/Eau De-Structuree (+), Propanediol, Polysorbate 20, Bis-Peg-12 Dimethicone, Trehalose, Algae (Seaweed) Extract, Sesamum Indicum (Sesame) Seed Oil, Medicago Sativa (Alfalfa) Seed Powder, Helianthus Annuus (Sunflower) Seedcake, Prunus Amygdalus Dulcis (Sweet Almond) Seed Meal, Eucalyptus Globulus (Eucalyptus) Leaf Oil, Sodium Gluconate, Copper Gluconate, Calcium Gluconate, Magnesium Gluconate, Zinc Gluconate, Tocopheryl Succinate, Niacin, Sesamum Indicum (Sesame) Seed Powder, Sea Salt/Maris Sal/Sel Marin, Castanea Sativa (Chestnut) Seed Extract, Macrocystis Pyrifera (Kelp) Extract, Laminaria Digitata Extract, Sucrose, Caffeine, Glycerin, Ethylhexylglycerin, Sodium Hyaluronate, Butylene Glycol, Citric Acid, Sodium Hydroxide, Fragrance, Disodium Edta-Copper, Phenoxyethanol, Benzyl Benzoate, Coumarin, Citronellol, Linalool, Limonene, Blue 1 (Ci 42090)",0,0,0,0,0,the_cleansing_micellar_water,la_mer,cleanser,la_mer_the_cleansing_micellar_water,,,,,,,,,,Declustered Water (-)/Aqua/Eau De-Structuree (-);Declustered Water (+)/Aqua/Eau De-Structuree (+);Propanediol;Polysorbate 20;Bis-Peg-12 Dimethicone;Trehalose;Algae (Seaweed) Extract;Sesamum Indicum (Sesame) Seed Oil;Medicago Sativa (Alfalfa) Seed Powder;Helianthus Annuus (Sunflower) Seedcake;Prunus Amygdalus Dulcis (Sweet Almond) Seed Meal;Eucalyptus Globulus (Eucalyptus) Leaf Oil;Sodium Gluconate;Copper Gluconate;Calcium Gluconate;Magnesium Gluconate;Zinc Gluconate;Tocopheryl Succinate;Niacin;Sesamum Indicum (Sesame) Seed Powder;Sea Salt/Maris Sal/Sel Marin;Castanea Sativa (Chestnut) Seed Extract;Macrocystis Pyrifera (Kelp) Extract;Laminaria Digitata Extract;Sucrose;Caffeine;Glycerin;Ethylhexylglycerin;Sodium Hyaluronate;Butylene Glycol;Citric Acid;Sodium Hydroxide;Fragrance;Disodium Edta-Copper;Phenoxyethanol;Benzyl Benzoate;Coumarin;Citronellol;Linalool;Limonene;Blue 1 (Ci 42090),0.0,18.0,4433.0,4.7778,6.4,Moisturizers,4.06,26.54,0.41,cleanser,nan
Cleanser,KATE SOMERVILLE,Gentle Daily Wash,36,4.2,"Water, Sodium C14-16 Olefin Sulfonate, Cocamidopropyl Betaine, PEG/PPG-8/3 Diisostearate, Glycerin, Acrylates Copolymer, Silicone Quaternium-8, Saponins, Butylene Glycol, Chlorphenesin, Sodium Hydroxide, Citrus Aurantium Bergamia (Bergamot) Fruit Oil, Lavandula Angustifolia (Lavender) Oil, Disodium EDTA, Potassium Sorbate, Sodium Benzoate, Salvia Officinalis (Sage) Oil, Zinc PCA, Citric Acid, Limonene, Linalool.",0,0,0,0,0,gentle_daily_wash,kate_somerville,cleanser,kate_somerville_gentle_daily_wash,,,,,,,,,,"Sodium C14-16 Olefin Sulfonate;Cocamidopropyl Betaine;PEG/PPG-8/3 Diisostearate;Glycerin;Acrylates Copolymer;Silicone Quaternium-8;Saponins;Butylene Glycol;Chlorphenesin;Sodium Hydroxide;Citrus Aurantium Bergamia (Bergamot) Fruit Oil;Lavandula Angustifolia (Lavender) Oil;Disodium EDTA;Potassium Sorbate;Sodium Benzoate;Salvia Officinalis (Sage) Oil;Zinc PCA;Citric Acid;Limonene;Linalool,",,,,,,,,,,cleanser,nan
Cleanser,ALGENIST,GENIUS Ultimate Anti-Aging Melting Cleanser,38,4.1,"C12-15 Alkyl Benzoate, Ethylhexyl Palmitate, Caprylic/Capric Triglyceride, Glycerin, Water (Aqua), Sucrose Laurate, Olea Europaea (Olive) Fruit Oil, Persea Gratissima (Avocado) Oil, Chlorella Protothecoides Oil, Algae Exopolysaccharides, Prunus Amygdalus Dulcis (Sweet Almond) Oil, Vaccinium Myrtillus Seed Oil, Retinyl Palmitate, Tocopheryl Acetate, Caprylyl Glycol, Chlorphenesin, Phenoxyethanol, Fragrance (Parfum), Benzyl Benzoate, Chromium Oxide Greens (CI 77288).",0,0,0,0,0,genius_ultimate_anti_aging_melting_cleanser,algenist,cleanser,algenist_genius_ultimate_anti_aging_melting_cleanser,,,,,,,,,,"C12-15 Alkyl Benzoate;Ethylhexyl Palmitate;Caprylic/Capric Triglyceride;Glycerin;Water (Aqua);Sucrose Laurate;Olea Europaea (Olive) Fruit Oil;Persea Gratissima (Avocado) Oil;Chlorella Protothecoides Oil;Algae Exopolysaccharides;Prunus Amygdalus Dulcis (Sweet Almond) Oil;Vaccinium Myrtillus Seed Oil;Retinyl Palmitate;Tocopheryl Acetate;Caprylyl Glycol;Chlorphenesin;Phenoxyethanol;Fragrance (Parfum);Benzyl Benzoate;Chromium Oxide Greens (CI 77288),",,,,,,,,,,cleanser,nan
Cleanser,NARS,Gentle Oil-Free Eye Makeup Remover,25,4.3,"Water, Methyl Trimethicone, Isopropyl Isostearate, Butylene Glycol, Glycerin, Propanediol, Sodium Chloride, Phenoxyethanol, Hexylene Glycol, Poloxamer 123, Ethylhexylglycerin, Peg-32, Benzophenone-5, Peg-6, Trisodium Edta, Cucumis Sativus [Cucumis Sativus (Cucumber) Fruit Extract], Chamomilla Recutita [Chamomilla Recutita (Matricaria) Flower Extract], Sodium Hyaluronate, Ci 42090 (Blue 1), Ci 19140 (Yellow 5).",0,0,0,0,0,gentle_oil_free_eye_makeup_remover,nars,cleanser,nars_gentle_oil_free_eye_makeup_remover,,,,,,,,,,"Methyl Trimethicone;Isopropyl Isostearate;Butylene Glycol;Glycerin;Propanediol;Sodium Chloride;Phenoxyethanol;Hexylene Glycol;Poloxamer 123;Ethylhexylglycerin;Peg-32;Benzophenone-5;Peg-6;Trisodium Edta;Cucumis Sativus [Cucumis Sativus (Cucumber) Fruit Extract];Chamomilla Recutita [Chamomilla Recutita (Matricaria) Flower Extract];Sodium Hyaluronate;Ci 42090 (Blue 1);Ci 19140 (Yellow 5),",,,,,,,,,,cleanser,nan
Cleanser,SEPHORA COLLECTION,Black Magic Set of 2 Makeup Remover Cloths,12,4.6,No Info,0,0,0,0,0,black_magic_set_of_2_makeup_remover_cloths,sephora_collection,cleanser,sephora_collection_black_magic_set_of_2_makeup_remover_cloths,,,,,,,,,,No Info,,,,,,,,,,cleanser,nan
Cleanser,OLEHENRIKSEN,So Nurturing™ Cleansing Cloths,15,4.0,"Water, Polysorbate 20, Phenoxyethanol, Parfum/Fragrance, Glycerin, Vaccinium Myrtillus (Bilberry) Fruit Extract, Barbassu Oil, Polyglyceryl-4 Esters, Saccharum Officinarum (Sugar Cane) Extract, Potassium Hydroxide, Panthenol, Citrus Aurantium Dulcis (Orange) Fruit Extract, Citrus Limon (Lemon) Fruit Extract, Enteromorpha Compressa Extract, Acer Saccharum (Sugar Maple) Extract, Biosaccharide Gum-1, Sodium Hyaluronate, Aloe Barbadensis Leaf Juice, Ascorbyl Glucoside, Borago Officinalis (Borage) Seed Oil, Allantoin, Linoleic Acid, Sodium Levulinate, Sodium PCA, Glyceryl Caprylate, Linolenic Acid, Sodium Anisate, Caesalpinia Spinosa Gum, Linum Usitatissiumum (Linseed) Seed Oil, Moringa Oleifera Seed Oil, Tocopheryl Acetate, Ananas Sativas (Pineapple) Fruit Extract, Potassium Sorbate, Sodium Benzoate, Bromelain, Citric Acid, Canola Oil, Carica Papya (Papaya) Fruit Extract, Tocopherol, Aspalathus Linearis Leaf Extract, Cocos Nucifera (Coconut) Fruit Extract, Limonene.",0,1,0,0,1,so_nurturing_cleansing_cloths,olehenriksen,cleanser,olehenriksen_so_nurturing_cleansing_cloths,,,,,,,,,,"Polysorbate 20;Phenoxyethanol;Parfum/Fragrance;Glycerin;Vaccinium Myrtillus (Bilberry) Fruit Extract;Barbassu Oil;Polyglyceryl-4 Esters;Saccharum Officinarum (Sugar Cane) Extract;Potassium Hydroxide;Panthenol;Citrus Aurantium Dulcis (Orange) Fruit Extract;Citrus Limon (Lemon) Fruit Extract;Enteromorpha Compressa Extract;Acer Saccharum (Sugar Maple) Extract;Biosaccharide Gum-1;Sodium Hyaluronate;Aloe Barbadensis Leaf Juice;Ascorbyl Glucoside;Borago Officinalis (Borage) Seed Oil;Allantoin;Linoleic Acid;Sodium Levulinate;Sodium PCA;Glyceryl Caprylate;Linolenic Acid;Sodium Anisate;Caesalpinia Spinosa Gum;Linum Usitatissiumum (Linseed) Seed Oil;Moringa Oleifera Seed Oil;Tocopheryl Acetate;Ananas Sativas (Pineapple) Fruit Extract;Potassium Sorbate;Sodium Benzoate;Bromelain;Citric Acid;Canola Oil;Carica Papya (Papaya) Fruit Extract;Tocopherol;Aspalathus Linearis Leaf Extract;Cocos Nucifera (Coconut) Fruit Extract;Limonene,",,,,,,,,,,cleanser,nan
Cleanser,MURAD,Hydro-Dynamic® Quenching Essence,78,4.3,"Glycerin, Glycolic Acid, Yeast Extract, Phenoxyethanol, Ethylhexylglycerin Glycerin, Citrullus Lanatus (Watermelon) Fruit Extract, Pyrus Malus (Apple) Fruit Extract, Lens Esculenta (Lentil) Fruit Extract, Sodium PCA, Sodium Lactate Urea, Yeast Amino Acids, Trehalose, Inositol, Taurine, Betaine Tocopheryl Acetate Ascorbic Acid, Chitosan, Zinc Gluconate. Glycerin, Glycolic Acid, Yeast Extract, Phenoxyethanol, Ethylhexylglycerin Glycerin, Citrullus Lanatus (Watermelon) Fruit Extract, Pyrus Malus (Apple) Fruit Extract, Lens Esculenta (Lentil) Fruit Extract, Sodium PCA, Sodium Lactate Urea, Yeast Amino Acids, Trehalose, Inositol, Taurine, Betaine Tocopheryl Acetate Ascorbic Acid, Chitosan, Zinc Gluconate.",1,1,1,1,1,hydro_dynamic_quenching_essence,murad,cleanser,murad_hydro_dynamic_quenching_essence,,,,,,,,,,"Glycerin;Glycolic Acid;Yeast Extract;Phenoxyethanol;Ethylhexylglycerin Glycerin;Citrullus Lanatus (Watermelon) Fruit Extract;Pyrus Malus (Apple) Fruit Extract;Lens Esculenta (Lentil) Fruit Extract;Sodium PCA;Sodium Lactate Urea;Yeast Amino Acids;Trehalose;Inositol;Taurine;Betaine Tocopheryl Acetate Ascorbic Acid;Chitosan;Zinc Gluconate, Glycerin;Glycolic Acid;Yeast Extract;Phenoxyethanol;Ethylhexylglycerin Glycerin;Citrullus Lanatus (Watermelon) Fruit Extract;Pyrus Malus (Apple) Fruit Extract;Lens Esculenta (Lentil) Fruit Extract;Sodium PCA;Sodium Lactate Urea;Yeast Amino Acids;Trehalose;Inositol;Taurine;Betaine Tocopheryl Acetate Ascorbic Acid;Chitosan;Zinc Gluconate,",,,,,,,,,,cleanser,nan
Cleanser,KIEHL'S SINCE 1851,Ultra Facial Oil-Free Cleanser,20,4.2,"Water, Glycerin, Myristic Acid, Palmitic Acid, Stearic Acid, Potassium Hydroxide, Lauric Acid, Glyceryl Distearate, Glyceryl Stearate, Kaolin, Imperata Cylindrica Root Extract, Tetrasodium Edta, Lemon Fruit Extract, Peg-14m, Pseudoalteromonas Ferment Extract, Methylisothiazolinone, Caprylyl Glycol, Carbomer, Acrylates/C10-30 Alkyl Acrylate Crosspolymer.",1,0,1,1,0,ultra_facial_oil_free_cleanser,kiehl's_since_1851,cleanser,kiehl's_since_1851_ultra_facial_oil_free_cleanser,,,,,,,,,,"Glycerin;Myristic Acid;Palmitic Acid;Stearic Acid;Potassium Hydroxide;Lauric Acid;Glyceryl Distearate;Glyceryl Stearate;Kaolin;Imperata Cylindrica Root Extract;Tetrasodium Edta;Lemon Fruit Extract;Peg-14m;Pseudoalteromonas Ferment Extract;Methylisothiazolinone;Caprylyl Glycol;Carbomer;Acrylates/C10-30 Alkyl Acrylate Crosspolymer,",,,,,,,,,,cleanser,nan
Cleanser,LANEIGE,Fresh Calming Toner,27,4.4,"Water, Propanediol, 1,2-Hexanediol, Ppg-13-Decyltetradeceth-24, Butylene Glycol, Sea Water, Maris Aqua, Eau De Mer, Ethylhexylglycerin, Disodium Edta, Litchi Chinensis Pericarp Extract, Tocopherol.",1,1,1,1,0,fresh_calming_toner,laneige,cleanser,laneige_fresh_calming_toner,,,,,,,,,,"Propanediol;1,2-Hexanediol;Ppg-13-Decyltetradeceth-24;Butylene Glycol;Sea Water;Maris Aqua;Eau De Mer;Ethylhexylglycerin;Disodium Edta;Litchi Chinensis Pericarp Extract;Tocopherol,",,,,,,,,,,cleanser,nan
Cleanser,OLEHENRIKSEN,Wonderfeel™ Double Cleanser,32,4.4,"Water, Ethylhexyl Palmitate, Propanediol, Triethylhexanoin, PEG-7 Glyceryl Cocoate, Arginine, Olea Europaea (Olive) Fruit Oil, Acrylates/C10-30 Alkyl Acrylate Crosspolymer, Phenoxyethanol, Parfum/Fragrance, Tocopherol, Glycerin, Tetrasodium Etidronate, Borago Officinalis Seed Oil, Prunus Armeniaca (Apricot) Kernel Oil, Calendula Officinalis Flower Extract, Chamomilla Recutita (Matricaria) Flower Extract, Echinacea Angustifolia Extract, Ribes Nigrum (Black Currant) Fruit Extract, Leuconostoc/Radish Root Ferment Filtrate, Biotin, Niacinamide, Ascorbic Acid.",1,1,1,1,1,wonderfeel_double_cleanser,olehenriksen,cleanser,olehenriksen_wonderfeel_double_cleanser,,,,,,,,,,"Ethylhexyl Palmitate;Propanediol;Triethylhexanoin;PEG-7 Glyceryl Cocoate;Arginine;Olea Europaea (Olive) Fruit Oil;Acrylates/C10-30 Alkyl Acrylate Crosspolymer;Phenoxyethanol;Parfum/Fragrance;Tocopherol;Glycerin;Tetrasodium Etidronate;Borago Officinalis Seed Oil;Prunus Armeniaca (Apricot) Kernel Oil;Calendula Officinalis Flower Extract;Chamomilla Recutita (Matricaria) Flower Extract;Echinacea Angustifolia Extract;Ribes Nigrum (Black Currant) Fruit Extract;Leuconostoc/Radish Root Ferment Filtrate;Biotin;Niacinamide;Ascorbic Acid,",,,,,,,,,,cleanser,nan
Cleanser,KIEHL'S SINCE 1851,Cucumber Herbal Conditioning Cleanser,24,4.6,"Water, Propylene Glycol, Glycerin, Sodium Methyl Cocoyl Taurate, Coco-Betaine, Sodium Cocoyl Isethionate, Sodium Chloride, Acrylates/C10-30 Alkyl Acrylate Crosspolymer, Phenoxyethanol, Peg-100 Stearate, Ppg-5-Ceteth-20, Glyceryl Stearate, Coconut Acid, Caprylyl Glycol, Peg-55 Propylene Glycol Oleate, Styrene/Acrylates Copolymer, Salicylic Acid, Chlorphenesin, Hydrogenated Coconut Acid, Cucumber Fruit Extract, Polyquaternium-53, Coco-Glucoside, Disodium Edta, Lavandula Hybrida Oil, Sodium Isethionate, Peg-30 Dipolyhydroxystearate, Trideceth-6, Citrus Medica Limonum (Lemon) Peel Oil, Rosemary Leaf Oil, Benzoic Acid, Citric Acid, Sodium Hydroxide.",0,1,1,0,1,cucumber_herbal_conditioning_cleanser,kiehl's_since_1851,cleanser,kiehl's_since_1851_cucumber_herbal_conditioning_cleanser,,,,,,,,,,"Propylene Glycol;Glycerin;Sodium Methyl Cocoyl Taurate;Coco-Betaine;Sodium Cocoyl Isethionate;Sodium Chloride;Acrylates/C10-30 Alkyl Acrylate Crosspolymer;Phenoxyethanol;Peg-100 Stearate;Ppg-5-Ceteth-20;Glyceryl Stearate;Coconut Acid;Caprylyl Glycol;Peg-55 Propylene Glycol Oleate;Styrene/Acrylates Copolymer;Salicylic Acid;Chlorphenesin;Hydrogenated Coconut Acid;Cucumber Fruit Extract;Polyquaternium-53;Coco-Glucoside;Disodium Edta;Lavandula Hybrida Oil;Sodium Isethionate;Peg-30 Dipolyhydroxystearate;Trideceth-6;Citrus Medica Limonum (Lemon) Peel Oil;Rosemary Leaf Oil;Benzoic Acid;Citric Acid;Sodium Hydroxide,",,,,,,,,,,cleanser,nan
Cleanser,SHISEIDO,Extra Rich Cleansing Milk,36,5.0,"Water, Sodium Methyl Cocoyl Taurate, Cocamidopropyl Betaine, Peg-2 Laurate, Glycol Distearate, Propylene Glycol Laurate, Glycerin, Dipropylene Glycol, Polyquaternium-10, Phenoxyethanol, Sodium Benzoate, Fragrance, Citric Acid, Water, Oryza Sativa (Rice) Germ Oil, Disodium Edta, Linalool, Geraniol, Citronellol, Alcohol, Betaine, Yellow 6 (Ci 15985), Sodium Acetylated Hyaluronate, Citrus Junos Seed Extract, Tocopherol, Red 33 (Ci 17200), Hydrolyzed Silk.",0,1,0,0,0,extra_rich_cleansing_milk,shiseido,cleanser,shiseido_extra_rich_cleansing_milk,,,,,,,,,,"Sodium Methyl Cocoyl Taurate;Cocamidopropyl Betaine;Peg-2 Laurate;Glycol Distearate;Propylene Glycol Laurate;Glycerin;Dipropylene Glycol;Polyquaternium-10;Phenoxyethanol;Sodium Benzoate;Fragrance;Citric Acid;Oryza Sativa (Rice) Germ Oil;Disodium Edta;Linalool;Geraniol;Citronellol;Alcohol;Betaine;Yellow 6 (Ci 15985);Sodium Acetylated Hyaluronate;Citrus Junos Seed Extract;Tocopherol;Red 33 (Ci 17200);Hydrolyzed Silk,",,,,,,,,,,cleanser,nan
Cleanser,DR. JART+,Dermaclear™ Trans-Foam Clay Trio,35,4.4,"Water, Titanium Dioxide, Montmorillonite, Sodium Lauryl Sulfate, Glycerin, Palmitic Acid, Stearic Acid, Bentonite, Kaolin, Betaine, Sodium Methyl Cocoyl Taurate, Potassium Hydroxide, Butylene Glycol, Phenoxyethanol, Xanthan Gum, Chlorphenesin, Ethyl Menthane Carboxamide, Ethylhexylglycerin, Cellulose Gum, Tetrasodium Pyrophosphate, Caprylyl Glycol, Menthol, Lauric acid, Myristic Acid, Arachidic Acid, Disodium EDTA, Citrus Aurantium Dulcis (Orange) Peel Oil, Lavandula Angustifolia (Lavender) Oil, Pelargonium Graveolens Flower Oil, Amyris Balsamifera Bark Oil, Eucalyptus Globulus Leaf Oil, Citrus Paradisi (Grapefruit) Peel Oil, Melaleuca Alternifolia (Tea Tree) Leaf Oil, Citrus Aurantium Bergamia (Bergamot) Fruit Oil, Boswellia Carterii Oil, Juniperus Mexicana Oil, Cymbopogon Schoenanthus Extract, Dipropylene Glycol, Decyl Glucoside, Sodium Palmitoyl Proline, Nymphaea Alba Flower Extract.",0,0,0,0,0,dermaclear_trans_foam_clay_trio,dr._jart,cleanser,dr._jart_dermaclear_trans_foam_clay_trio,,,,,,,,,,"Titanium Dioxide;Montmorillonite;Sodium Lauryl Sulfate;Glycerin;Palmitic Acid;Stearic Acid;Bentonite;Kaolin;Betaine;Sodium Methyl Cocoyl Taurate;Potassium Hydroxide;Butylene Glycol;Phenoxyethanol;Xanthan Gum;Chlorphenesin;Ethyl Menthane Carboxamide;Ethylhexylglycerin;Cellulose Gum;Tetrasodium Pyrophosphate;Caprylyl Glycol;Menthol;Lauric acid;Myristic Acid;Arachidic Acid;Disodium EDTA;Citrus Aurantium Dulcis (Orange) Peel Oil;Lavandula Angustifolia (Lavender) Oil;Pelargonium Graveolens Flower Oil;Amyris Balsamifera Bark Oil;Eucalyptus Globulus Leaf Oil;Citrus Paradisi (Grapefruit) Peel Oil;Melaleuca Alternifolia (Tea Tree) Leaf Oil;Citrus Aurantium Bergamia (Bergamot) Fruit Oil;Boswellia Carterii Oil;Juniperus Mexicana Oil;Cymbopogon Schoenanthus Extract;Dipropylene Glycol;Decyl Glucoside;Sodium Palmitoyl Proline;Nymphaea Alba Flower Extract,",,,,,,,,,,cleanser,nan
Cleanser,BLITHE,Vital Treatment Essence for Hydrating,42,4.5,"Water, Panax Ginseng Root Extract(11%), Platycodon Grandiflorum Root Extract(8.75%), Codonopsis Lanceolata Root Extract(8.75%), Nelumbo Nucifera (Indian Lotus) Root Extract(8.75%), Arctium Lappa (Burdock) Root Extract (8.75%), Butylene Glycol, Glycereth-26, 1,2-Hexanediol, Glycerin, Hydroxyethyl Urea, Viscum Album (Mistletoe) Leaf Extract, Imperata Cylindrica Root Extract, Poria Cocos Extract, Paeonia Albiflora Root Extract, Glycyrrhiza Glabra (Licorice) Root Extract, Angelica Gigas Root Extract, Cimicifuga Racemosa Root Extract, Rehmannia Glutinosa Root Extract, Dioscorea Japonica Root Extract, Astragalus Membranaceus Root Extract, Lepidium Meyenii Root Extract, Rhodiola Rosea Root Extract, Paeonia Suffruticosa Root Extract, Ficus Carica (Fig) Fruit Extract, Punica Granatum Fruit Extract, Morus Alba Fruit Extract, Ginkgo Biloba Nut Extract, Hamamelis Virginiana (Witch Hazel) Leaf Extract, Candida Bombicola/Glucose/Methyl Rapeseedate Ferment, Argania Spinosa Kernel Oil, Olea Europaea (Olive) Fruit Oil, PEG-40 Hydrogenated Castor Oil, Dimethicone, Acrylates/C10-30 Alkyl Acrylate Crosspolymer, Hydrogenated Lecithin, Rosa Damascena Flower Oil, Dipropylene Glycol, Pentylene Glycol, Caprylyl Glycol, Isopropyl Myristate, Potassium Hydroxide, Disodium EDTA, Xanthan Gum, Caramel.",1,1,1,1,1,vital_treatment_essence_for_hydrating,blithe,cleanser,blithe_vital_treatment_essence_for_hydrating,0.0,50.0,8301.0,4.48,5.0,Moisturizers,8.4,8.96,0.6,"Panax Ginseng Root Extract(11%);Platycodon Grandiflorum Root Extract(8,75%);Codonopsis Lanceolata Root Extract(8,75%);Nelumbo Nucifera (Indian Lotus) Root Extract(8,75%);Arctium Lappa (Burdock) Root Extract (8,75%);Butylene Glycol;Glycereth-26;1,2-Hexanediol;Glycerin;Hydroxyethyl Urea;Viscum Album (Mistletoe) Leaf Extract;Imperata Cylindrica Root Extract;Poria Cocos Extract;Paeonia Albiflora Root Extract;Glycyrrhiza Glabra (Licorice) Root Extract;Angelica Gigas Root Extract;Cimicifuga Racemosa Root Extract;Rehmannia Glutinosa Root Extract;Dioscorea Japonica Root Extract;Astragalus Membranaceus Root Extract;Lepidium Meyenii Root Extract;Rhodiola Rosea Root Extract;Paeonia Suffruticosa Root Extract;Ficus Carica (Fig) Fruit Extract;Punica Granatum Fruit Extract;Morus Alba Fruit Extract;Ginkgo Biloba Nut Extract;Hamamelis Virginiana (Witch Hazel) Leaf Extract;Candida Bombicola/Glucose/Methyl Rapeseedate Ferment;Argania Spinosa Kernel Oil;Olea Europaea (Olive) Fruit Oil;PEG-40 Hydrogenated Castor Oil;Dimethicone;Acrylates/C10-30 Alkyl Acrylate Crosspolymer;Hydrogenated Lecithin;Rosa Damascena Flower Oil;Dipropylene Glycol;Pentylene Glycol;Caprylyl Glycol;Isopropyl Myristate;Potassium Hydroxide;Disodium EDTA;Xanthan Gum;Caramel,",0.0,50.0,8301.0,4.48,5.0,Moisturizers,8.4,8.96,0.6,moisturizer,Medium (7k - 13k)
Cleanser,ESTÉE LAUDER,Perfectly Clean Multi-Action Toning Lotion/Refiner,26,4.5,"Perfectly Clean Mlt-Act Tng Ltn/Rf Division: El (Estee Lauder)Ingredients: Water , Alcohol Denat. , Glycerin , Butylene Glycol , Hypnea Musciformis (Algae) Extract , Gellidiela Acerosa (Algae) Extract , Hamamelis Virginiana (Witch Hazel) , Silybum Marianum (Lady'S Thistle) Extract , Bambusa Vulgaris (Bamboo) Extract , Pisum Sativum (Pea) Extract , Gentiana Lutea (Gentian) Root Extract , Algae Extract , Oryza Sativa (Rice) Bran Extract , Yeast Extract/Faex/Extrait De Levure , Sucrose , Trehalose , Lactobionic Acid , Peg-40 Hydrogenated Castor Oil , Sorbitol , Caffeine , Dipotassium Glycyrrhizate , Biosaccharide Gum - 1 , Ppg-26-Buteth-26 , Sodium Hyaluronate , Zinc Pca , Pentylene Glycol , Ppg-5-Ceteth-20 , Sodium Hydroxide , Glucosamine Hcl , Fragrance , Phytic Acid , Potassium Sorbate , Disodium Edta , Phenoxyethanol",0,0,0,0,0,perfectly_clean_multi_action_toning_lotion_refiner,estée_lauder,cleanser,estée_lauder_perfectly_clean_multi_action_toning_lotion_refiner,,,,,,,,,,"Perfectly Clean Mlt-Act Tng Ltn/Rf Division: El (Estee Lauder)Ingredients: Water;Alcohol Denat,;Glycerin;Butylene Glycol;Hypnea Musciformis (Algae) Extract;Gellidiela Acerosa (Algae) Extract;Hamamelis Virginiana (Witch Hazel);Silybum Marianum (Lady'S Thistle) Extract;Bambusa Vulgaris (Bamboo) Extract;Pisum Sativum (Pea) Extract;Gentiana Lutea (Gentian) Root Extract;Algae Extract;Oryza Sativa (Rice) Bran Extract;Yeast Extract/Faex/Extrait De Levure;Sucrose;Trehalose;Lactobionic Acid;Peg-40 Hydrogenated Castor Oil;Sorbitol;Caffeine;Dipotassium Glycyrrhizate;Biosaccharide Gum - 1;Ppg-26-Buteth-26;Sodium Hyaluronate;Zinc Pca;Pentylene Glycol;Ppg-5-Ceteth-20;Sodium Hydroxide;Glucosamine Hcl;Fragrance;Phytic Acid;Potassium Sorbate;Disodium Edta;Phenoxyethanol",,,,,,,,,,cleanser,nan
Cleanser,CLINIQUE,Clarifying Lotion 4,16,4.4,"Water , Alcohol Denat. , Salicylic Acid , Hamamelis Virginiana (Witch Hazel) , Butylene Glycol , Glycerin , Trehalose , Sodium Hyaluronate , Sodium Hydroxide , Disodium Edta-Copper , Bht , Phenoxyethanol , Benzophenone-4 , Green 5 (Ci 61570)",0,0,0,0,0,clarifying_lotion_4,clinique,cleanser,clinique_clarifying_lotion_4,,,,,,,,,,"Alcohol Denat,;Salicylic Acid;Hamamelis Virginiana (Witch Hazel);Butylene Glycol;Glycerin;Trehalose;Sodium Hyaluronate;Sodium Hydroxide;Disodium Edta-Copper;Bht;Phenoxyethanol;Benzophenone-4;Green 5 (Ci 61570)",,,,,,,,,,cleanser,nan
Cleanser,CLINIQUE,Naturally Gentle Eye Makeup Remover,19,4.4,"Water , Hydrogenated Polyisobutene , Butylene Glycol , Sesamum Indicum (Sesame) Seed Oil , Ammonium Acryloyldimethyltaurate/Vp Copolymer , Sucrose , Hypnea Musciformis (Algae) Extract , Gellidiela Acerosa (Algae) Extract , Arginine , Acrylates/C10-30 Alkyl Acrylate Crosspolymer , Peg-8 Dilaurate , Sodium Chloride , Disodium Phosphate , Disodium Edta , Phenoxyethanol , Chlorphenesin",0,0,0,0,0,naturally_gentle_eye_makeup_remover,clinique,cleanser,clinique_naturally_gentle_eye_makeup_remover,,,,,,,,,,Hydrogenated Polyisobutene;Butylene Glycol;Sesamum Indicum (Sesame) Seed Oil;Ammonium Acryloyldimethyltaurate/Vp Copolymer;Sucrose;Hypnea Musciformis (Algae) Extract;Gellidiela Acerosa (Algae) Extract;Arginine;Acrylates/C10-30 Alkyl Acrylate Crosspolymer;Peg-8 Dilaurate;Sodium Chloride;Disodium Phosphate;Disodium Edta;Phenoxyethanol;Chlorphenesin,,,,,,,,,,cleanser,nan
Cleanser,SUNDAY RILEY,C.E.O. C + E Micro-Dissolve Cleansing Oil,38,4.3,"Isoamyl Laurate, Sorbitan Oleate, Isostearyl Isostearate, Triethylhexanoin, PEG-10 Laurate, Caprylic/Capric Triglyceride, Aqua (Water), Decyl Glucoside, Propanediol, Polyglyceryl-2 Caprate, Squalane, Methylpropanediol, Citrus Reticulata (Tangerine) Peel Oil, Sodium Phytate, C30 Hydrocarbons, Phenoxyethanol, Tocopherol, Microcitrus Australasica (Lime Pearl) Fruit Extract, Salix Alba (Willow) Bark Extract, Curcuma Longa (Turmeric) Root Extract, Butyrospermum Parkii (Shea) Butter Extract, Alcohol Denat., Rosa Canina (Rosehips) Fruit Extract, Citrus Tangerina (Tangerine) Extract, Oenothera Biennis (Evening Primrose) Seed Extract, Nasturtium Officinale (Watercress) Extract, Camellia Sinensis (White Tea) Leaf Extract, Tetrahexyldecyl Ascorbate, Caprylyl Glycol.",1,1,1,1,1,c.e.o._c_e_micro_dissolve_cleansing_oil,sunday_riley,cleanser,sunday_riley_c.e.o._c_e_micro_dissolve_cleansing_oil,,,,,,,,,,"Isoamyl Laurate;Sorbitan Oleate;Isostearyl Isostearate;Triethylhexanoin;PEG-10 Laurate;Caprylic/Capric Triglyceride;Aqua (Water);Decyl Glucoside;Propanediol;Polyglyceryl-2 Caprate;Squalane;Methylpropanediol;Citrus Reticulata (Tangerine) Peel Oil;Sodium Phytate;C30 Hydrocarbons;Phenoxyethanol;Tocopherol;Microcitrus Australasica (Lime Pearl) Fruit Extract;Salix Alba (Willow) Bark Extract;Curcuma Longa (Turmeric) Root Extract;Butyrospermum Parkii (Shea) Butter Extract;Alcohol Denat,;Rosa Canina (Rosehips) Fruit Extract;Citrus Tangerina (Tangerine) Extract;Oenothera Biennis (Evening Primrose) Seed Extract;Nasturtium Officinale (Watercress) Extract;Camellia Sinensis (White Tea) Leaf Extract;Tetrahexyldecyl Ascorbate;Caprylyl Glycol,",,,,,,,,,,cleanser,nan
Cleanser,CLINIQUE,City Block Purifying Charcoal Clay Mask + Scrub,28,4.7,"Water , Kaolin , Butylene Glycol , Silica , Magnesium Aluminum Silicate , Charcoal Powder , Glyceryl Stearate , Peg-100 Stearate , Sodium Methyl Cocoyl Taurate , Gentiana Lutea (Gentian) Root Extract , Laminaria Saccharina Extract , Tocopheryl Acetate , Acetyl Glucosamine , Sucrose , Caprylyl Glycol , Xanthan Gum , Disodium Edta , Phenoxyethanol , Chlorphenesin , Iron Oxides (Ci 77499) , Titanium Dioxide (Ci 77891)",1,1,1,1,1,city_block_purifying_charcoal_clay_mask_scrub,clinique,cleanser,clinique_city_block_purifying_charcoal_clay_mask_scrub,,,,,,,,,,Kaolin;Butylene Glycol;Silica;Magnesium Aluminum Silicate;Charcoal Powder;Glyceryl Stearate;Peg-100 Stearate;Sodium Methyl Cocoyl Taurate;Gentiana Lutea (Gentian) Root Extract;Laminaria Saccharina Extract;Tocopheryl Acetate;Acetyl Glucosamine;Sucrose;Caprylyl Glycol;Xanthan Gum;Disodium Edta;Phenoxyethanol;Chlorphenesin;Iron Oxides (Ci 77499);Titanium Dioxide (Ci 77891),,,,,,,,,,cleanser,nan
Cleanser,FRESH,Umbrian Clay Pore Purifying Face Exfoliator,33,4.7,"Water, Solum Fullonum (Fuller's Earth), Kaolin, Glycerin, Bam- busa Arundinacea Stem Extract, Butylene Glycol, Olea Europaea (Olive) Seed Powder, Pentylene Glycol, Hydroxyethyl Acrylate/ Sodium Acryloyldimethyl Tau- rate Copolymer, Cocamidopro- pyl Betaine, Vitis Vinifera (Grape) Seed Oil, Olea Euro- paea (Olive) Leaf Extract, San- talum Album (Sandalwood) Oil, Lavandula Angustifolia (Lavender) Flower Water, An- themis Nobilis Flower Oil, Citrus Medica Limonum (Lemon) Fruit Extract, Amyris Balsamifera Bark Oil, Spiraea Ulmaria Extract, Fusanus Spica- tus Wood Oil, Tocopheryl Ac- etate, Citric Acid, Sodium Chlo- ride, Xanthan Gum, Polysor- bate 60, Sorbitan Isostearate, Fragrance, BHT, Phenoxyethanol, Linalool.",0,0,0,0,0,umbrian_clay_pore_purifying_face_exfoliator,fresh,cleanser,fresh_umbrian_clay_pore_purifying_face_exfoliator,,,,,,,,,,"Solum Fullonum (Fuller's Earth);Kaolin;Glycerin;Bam- busa Arundinacea Stem Extract;Butylene Glycol;Olea Europaea (Olive) Seed Powder;Pentylene Glycol;Hydroxyethyl Acrylate/ Sodium Acryloyldimethyl Tau- rate Copolymer;Cocamidopro- pyl Betaine;Vitis Vinifera (Grape) Seed Oil;Olea Euro- paea (Olive) Leaf Extract;San- talum Album (Sandalwood) Oil;Lavandula Angustifolia (Lavender) Flower Water;An- themis Nobilis Flower Oil;Citrus Medica Limonum (Lemon) Fruit Extract;Amyris Balsamifera Bark Oil;Spiraea Ulmaria Extract;Fusanus Spica- tus Wood Oil;Tocopheryl Ac- etate;Citric Acid;Sodium Chlo- ride;Xanthan Gum;Polysor- bate 60;Sorbitan Isostearate;Fragrance;BHT;Phenoxyethanol;Linalool,",,,,,,,,,,cleanser,nan
Cleanser,CLINIQUE,Fresh Pressed Renewing Powder Cleanser with Pure Vitamin C,29,4.9,"Maltodextrin , Sodium Lauryl Sulfoacetate , Sodium Cocoyl Isethionate , Sodium Methyl Cocoyl Taurate , Kaolin , Ascorbic Acid , Sodium Chloride , Sapindus Mukurossi Peel Extract , Salicylic Acid , Allyl Methacrylates Crosspolymer , Cyclodextrin , Coconut Acid , Ethylbisiminomethylguaiacol Manganese Chloride , Water , Disodium Edta",1,1,1,1,1,fresh_pressed_renewing_powder_cleanser_with_pure_vitamin_c,clinique,cleanser,clinique_fresh_pressed_renewing_powder_cleanser_with_pure_vitamin_c,,,,,,,,,,Maltodextrin;Sodium Lauryl Sulfoacetate;Sodium Cocoyl Isethionate;Sodium Methyl Cocoyl Taurate;Kaolin;Ascorbic Acid;Sodium Chloride;Sapindus Mukurossi Peel Extract;Salicylic Acid;Allyl Methacrylates Crosspolymer;Cyclodextrin;Coconut Acid;Ethylbisiminomethylguaiacol Manganese Chloride;Disodium Edta,,,,,,,,,,cleanser,nan
Cleanser,REN CLEAN SKINCARE,Rosa Centifolia™ No.1 Purity Cleansing Balm,32,4.2,"Prunus Amygdalus Dulcis (Sweet Almond) Oil, Cetearyl Ethylhexanoate, Glyceryl Cocoate, Caprylic/Capric Triglyceride, Glyceryl Stearate, Glyceryl Dibehenate, Tribehenin, Glyceryl Behenate, Butyrospermum Parkii (Shea Butter), Sodium Cocoyl Glutamate, Parfum (Fragrance), Rosa Centifolia Flower Extract, Cymbopogon Martini Oil, Viola Odorata Extract, Anthemis Nobilis (Chamomile) Flower Oil, Lecithin, Benzyl Alcohol, Oryzanol, Tocopherol, Citronellol, Geraniol, Eugenol, Linalool.",1,1,1,1,1,rosa_centifolia_no.1_purity_cleansing_balm,ren_clean_skincare,cleanser,ren_clean_skincare_rosa_centifolia_no.1_purity_cleansing_balm,,,,,,,,,,"Prunus Amygdalus Dulcis (Sweet Almond) Oil;Cetearyl Ethylhexanoate;Glyceryl Cocoate;Caprylic/Capric Triglyceride;Glyceryl Stearate;Glyceryl Dibehenate;Tribehenin;Glyceryl Behenate;Butyrospermum Parkii (Shea Butter);Sodium Cocoyl Glutamate;Parfum (Fragrance);Rosa Centifolia Flower Extract;Cymbopogon Martini Oil;Viola Odorata Extract;Anthemis Nobilis (Chamomile) Flower Oil;Lecithin;Benzyl Alcohol;Oryzanol;Tocopherol;Citronellol;Geraniol;Eugenol;Linalool,",1.0,283.0,7335.0,4.212,3.3,,8.79,1.49,3.86,cleanser,nan
Cleanser,MURAD,Refreshing Cleanser,39,4.4,"Water, Sodium Laureth Sulfate, Disodium Laureth Sulfosuccinate, Disodium Cocoamphodiacetate, Glycol Distearate, Butylene Glycol, Algae Extract, Hedychium Coronarium Root Extract, Witch Hazel Leaf Extract, Actinidia Chinensis (Kiwi) Fruit Extract, Cucumber Fruit Extract, Glycolic Acid, Sodium PCA, PEG-8 Distearate, Polyquaternium-4, Phenoxyethanol, Methylparaben, Propylparaben, Limonene, Hydroxyisohexyl 3-Cyclohexene Carboxaldehyde, Fragrance.",0,0,0,0,0,refreshing_cleanser,murad,cleanser,murad_refreshing_cleanser,,,,,,,,,,"Sodium Laureth Sulfate;Disodium Laureth Sulfosuccinate;Disodium Cocoamphodiacetate;Glycol Distearate;Butylene Glycol;Algae Extract;Hedychium Coronarium Root Extract;Witch Hazel Leaf Extract;Actinidia Chinensis (Kiwi) Fruit Extract;Cucumber Fruit Extract;Glycolic Acid;Sodium PCA;PEG-8 Distearate;Polyquaternium-4;Phenoxyethanol;Methylparaben;Propylparaben;Limonene;Hydroxyisohexyl 3-Cyclohexene Carboxaldehyde;Fragrance,",,,,,,,,,,cleanser,nan
Cleanser,KIEHL'S SINCE 1851,Blue Herbal Acne Cleanser Treatment,22,3.5,"Water, Coco-Glucoside, Propylene Glycol, Ammonium Polyacryloyldimethyl Taurate, Glycerin, Coco-Betaine, Sodium Cocoyl Isethionate, Sodium Methyl Cocoyl Taurate, Dipropylene Glycol, Sodium Chloride, Butylene Glycol, Phenoxyethanol, Hydrogenated Coconut Acid, Capryloyl Salicylic Acid, Coconut Acid, T-Butyl Alcohol, Sodium PCA, Camphor, Menthol, Boswellia Serrata Extract, Sodium Isethionate, Hamamelis Virginiana (Witch Hazel) Water, Peumus Boldus Leaf Extract, Disodium Edta, Alcohol, Zingiber Officinale (Ginger) Root Extract, Sanguisorba Officinalis Root Extract, Cinnamomum Cassia Bark Extract, Xanthan Gum, Laminaria Saccharina Extract, Zinc Sulfate, Pyridoxine HCL, Sodium Hydroxide, Citric Acid.",1,0,0,1,0,blue_herbal_acne_cleanser_treatment,kiehl's_since_1851,cleanser,kiehl's_since_1851_blue_herbal_acne_cleanser_treatment,0.0,26.0,2482.0,3.6154,5.0,Treatments,4.4,13.91,1.05,"Coco-Glucoside;Propylene Glycol;Ammonium Polyacryloyldimethyl Taurate;Glycerin;Coco-Betaine;Sodium Cocoyl Isethionate;Sodium Methyl Cocoyl Taurate;Dipropylene Glycol;Sodium Chloride;Butylene Glycol;Phenoxyethanol;Hydrogenated Coconut Acid;Capryloyl Salicylic Acid;Coconut Acid;T-Butyl Alcohol;Sodium PCA;Camphor;Menthol;Boswellia Serrata Extract;Sodium Isethionate;Hamamelis Virginiana (Witch Hazel) Water;Peumus Boldus Leaf Extract;Disodium Edta;Alcohol;Zingiber Officinale (Ginger) Root Extract;Sanguisorba Officinalis Root Extract;Cinnamomum Cassia Bark Extract;Xanthan Gum;Laminaria Saccharina Extract;Zinc Sulfate;Pyridoxine HCL;Sodium Hydroxide;Citric Acid,",0.0,26.0,2482.0,3.6154,5.0,Treatments,4.4,13.91,1.05,cleanser,Very Low (0 - 3k)
Cleanser,SEPHORA COLLECTION,Exfoliating Wipes - Pineapple - Smoothing,7,4.7,No Info,0,0,0,0,0,exfoliating_wipes_pineapple_smoothing,sephora_collection,cleanser,sephora_collection_exfoliating_wipes_pineapple_smoothing,,,,,,,,,,No Info,,,,,,,,,,cleanser,nan
Cleanser,ERNO LASZLO,Pore Refining Detox Double Cleanse,55,5.0,"Water, Propanediol, Sodium C14-16 Olefin Sulfonate, Oryza Sativa (Rice) Extract, Phenoxyethanol, Acrylates/C10-30 Alkyl Acrylate Crosspolymer, Sodium Hydroxide, Cyclopentasiloxane, Dimethicone/Vinyl Dimethicone Crosspolymer, Mica, Titanium Dioxide (Ci 77891), Ethylhexylglycerin, Disodium Edta, Fragrance (Parfum), Charcoal Powder, 1,2-Hexanediol, Agar, Calcium Alginate, Xanthan Gum, Aloe Barbadensis Leaf Juice, Citrus Grandis (Grapefruit) Peel Oil, Helianthus Annuus (Sunflower) Seed Oil, Propylene Glycol, Ananas Sativus (Pineapple) Fruit Extract, Actinidia Chinensis (Kiwi) Fruit Extract, Averrhoa Carambola Fruit Extract, Garcinia Mangostana Fruit Extract, Litchi Chinensis Fruit Extract, Sea Salt (Maris Salt/Sel Marin), Passiflora Incarnata Fruit Extract, Psidium Guajava Fruit Extract, Punica Granatum Extract, Ziziphus Jujuba Fruit Extract, Hydrolyzed Vegetable Protein, Cynara Scolymus (Artichoke) Leaf Extract, Leuconostoc/Radish Root Ferment Filtrate, Limonene.",1,1,1,1,1,pore_refining_detox_double_cleanse,erno_laszlo,cleanser,erno_laszlo_pore_refining_detox_double_cleanse,,,,,,,,,,"Propanediol;Sodium C14-16 Olefin Sulfonate;Oryza Sativa (Rice) Extract;Phenoxyethanol;Acrylates/C10-30 Alkyl Acrylate Crosspolymer;Sodium Hydroxide;Cyclopentasiloxane;Dimethicone/Vinyl Dimethicone Crosspolymer;Mica;Titanium Dioxide (Ci 77891);Ethylhexylglycerin;Disodium Edta;Fragrance (Parfum);Charcoal Powder;1,2-Hexanediol;Agar;Calcium Alginate;Xanthan Gum;Aloe Barbadensis Leaf Juice;Citrus Grandis (Grapefruit) Peel Oil;Helianthus Annuus (Sunflower) Seed Oil;Propylene Glycol;Ananas Sativus (Pineapple) Fruit Extract;Actinidia Chinensis (Kiwi) Fruit Extract;Averrhoa Carambola Fruit Extract;Garcinia Mangostana Fruit Extract;Litchi Chinensis Fruit Extract;Sea Salt (Maris Salt/Sel Marin);Passiflora Incarnata Fruit Extract;Psidium Guajava Fruit Extract;Punica Granatum Extract;Ziziphus Jujuba Fruit Extract;Hydrolyzed Vegetable Protein;Cynara Scolymus (Artichoke) Leaf Extract;Leuconostoc/Radish Root Ferment Filtrate;Limonene,",,,,,,,,,,cleanser,nan
Cleanser,KIEHL'S SINCE 1851,Herbal-Infused Micellar Cleansing Water,28,3.7,"Water, Glycerin, Propanediol, Melissa Officinalis Flower/Leaf/Stem Water, Arginine, Salicylic Acid, Coco-Betaine, Caprylyl/Capryl Glucoside, Disodium Cocoyl Glutamate, Xanthan Gum, Phytic Acid, Buddleja Davidii Extract, Thymus Vulgaris Extract/Thyme Extract, Sodium Chloride, Sodium Cocoyl Glutamate, Citric Acid, Thymus Vulgaris Flower/Leaf Oil, Thyme Flower/Leaf Oil.",1,1,1,1,1,herbal_infused_micellar_cleansing_water,kiehl's_since_1851,cleanser,kiehl's_since_1851_herbal_infused_micellar_cleansing_water,,,,,,,,,,"Glycerin;Propanediol;Melissa Officinalis Flower/Leaf/Stem Water;Arginine;Salicylic Acid;Coco-Betaine;Caprylyl/Capryl Glucoside;Disodium Cocoyl Glutamate;Xanthan Gum;Phytic Acid;Buddleja Davidii Extract;Thymus Vulgaris Extract/Thyme Extract;Sodium Chloride;Sodium Cocoyl Glutamate;Citric Acid;Thymus Vulgaris Flower/Leaf Oil;Thyme Flower/Leaf Oil,",,,,,,,,,,cleanser,nan
Cleanser,SEPHORA COLLECTION,Cleansing Wipes - Pomegranate - Energizing,7,5.0,No Info,0,0,0,0,0,cleansing_wipes_pomegranate_energizing,sephora_collection,cleanser,sephora_collection_cleansing_wipes_pomegranate_energizing,,,,,,,,,,No Info,,,,,,,,,,cleanser,nan
Cleanser,CLARISONIC,Refreshing Gel Cleanser,19,5.0,"Water, Glycerin, Coco-Betaine, Sodium Cocoyl Glycinate, PEG-120, Methyl Glucose Dioleate, Sodium Chloride Dipropylene Glycol, Lauric Acid, Triethanolamine, Phenoxyethanol, Fragrance, Caprylyl Glycol, Linalool, Limonene, Benzyl Benzoate, Tetrasodium EDTA, Argilla/Magnesium Aluminum Silicate.",1,1,1,1,1,refreshing_gel_cleanser,clarisonic,cleanser,clarisonic_refreshing_gel_cleanser,,,,,,,,,,"Glycerin;Coco-Betaine;Sodium Cocoyl Glycinate;PEG-120;Methyl Glucose Dioleate;Sodium Chloride Dipropylene Glycol;Lauric Acid;Triethanolamine;Phenoxyethanol;Fragrance;Caprylyl Glycol;Linalool;Limonene;Benzyl Benzoate;Tetrasodium EDTA;Argilla/Magnesium Aluminum Silicate,",,,,,,,,,,cleanser,nan
Cleanser,FENTY BEAUTY BY RIHANNA,Invisimatte Blotting Paper,16,3.9,Visit the FENTY BEAUTY by Rihanna boutique,0,0,0,0,0,invisimatte_blotting_paper,fenty_beauty_by_rihanna,cleanser,fenty_beauty_by_rihanna_invisimatte_blotting_paper,,,,,,,,,,Visit the FENTY BEAUTY by Rihanna boutique,,,,,,,,,,cleanser,nan
Cleanser,CLINIQUE,Facial Soap with Dish,15,4.4,"Sodium Palmate/Cocoate Or/Ou Palm Kernelate , Water , Petrolatum , Glycerin , Sodium Chloride , Trisodium Hedta , Titanium Dioxide (Ci 77891) , Iron Oxides (Ci 77491, Ci 77492, Ci 77499) , Yellow 5 (Ci 19140)",0,0,0,0,0,facial_soap_with_dish,clinique,cleanser,clinique_facial_soap_with_dish,,,,,,,,,,Sodium Palmate/Cocoate Or/Ou Palm Kernelate;Petrolatum;Glycerin;Sodium Chloride;Trisodium Hedta;Titanium Dioxide (Ci 77891);Iron Oxides (Ci 77491;Ci 77492;Ci 77499);Yellow 5 (Ci 19140),,,,,,,,,,cleanser,nan
Cleanser,ALGENIST,Hydrating Essence Toner,25,4.4,"Water, Butylene Glycol, Sodium PCA, Hamamelis Virginiana (Witch Hazel) Water, Algae Exopolysaccharides, Palmitoyl Oligopeptide, Palmitoyl Tetrapeptide-7, Ascorbyl Glucoside, Aloe Barbadensis Leaf Extract, Camellia Oleifera Leaf Extract, Chamomilla Recutita (Matricaria) Flower Extract, Cucumis Sativus (Cucumber) Fruit Extract, Verbena Officinalis Extract, Tocopheryl Acetate, Glycerin, 1,2-Hexanediol, Caprylyl Glycol, Carbomer, Polysorbate 20, Ethylhexyglycerin, Benzoic Acid, Disodium EDTA, Phenoxyethanol, Fragrance.",0,0,0,0,0,hydrating_essence_toner,algenist,cleanser,algenist_hydrating_essence_toner,0.0,151.0,8646.0,4.3245,5.0,Moisturizers,5.0,2.86,1.75,"Butylene Glycol;Sodium PCA;Hamamelis Virginiana (Witch Hazel) Water;Algae Exopolysaccharides;Palmitoyl Oligopeptide;Palmitoyl Tetrapeptide-7;Ascorbyl Glucoside;Aloe Barbadensis Leaf Extract;Camellia Oleifera Leaf Extract;Chamomilla Recutita (Matricaria) Flower Extract;Cucumis Sativus (Cucumber) Fruit Extract;Verbena Officinalis Extract;Tocopheryl Acetate;Glycerin;1,2-Hexanediol;Caprylyl Glycol;Carbomer;Polysorbate 20;Ethylhexyglycerin;Benzoic Acid;Disodium EDTA;Phenoxyethanol;Fragrance,",0.0,151.0,8646.0,4.3245,5.0,Moisturizers,5.0,2.86,1.75,treatment,Medium (7k - 13k)
Cleanser,REN CLEAN SKINCARE,Micro Polish Cleanser,32,4.5,"Citrus Aurantium Bergamia (Bergamot) Leaf Extract, Glycerin, Sodium Cocoyl Isethionate, Sorbitol, Disiodium Lauryl Sulfosuccinate, Sodium Chloride, Amber Powder, Phenoxyethanol, Helianthus Annuus (Sunflower) Seed Oil, Maltodextrin, Carica Papaya (Papaya) Fruit Extract, Parfum (Fragrance), Citrus Aurantium Dulcis (Orange) Flower Oil, Citrus Nobilis (Mandarin Orange) Peel Oil, Citrus Tangerina (Tangerine) Peel Oil, Citrus Grandis (Grapefruit) Peel Oil, Xanthan Gum, Ethylhexylglycerin, Lactic Acid, Citrus Medica Limonum (Lemon) Fruit Extract, Passiflora Quadrangularis Fruit Extract, Ananas Sativus (Pineapple) Fruit Extract, Vitis Vinifera (Grape) Fruit Extract, Alcohol Denat., Daucus Carota Sativa (Carrot) Seed Oil, Daucus Carota Sativa (Carrot) Root Extract, Beta-Carotene, Ascorbyl Palmitate, Potassium Sorbate, Sodium Bisulfite, Limonene, Linalool, Citral.",0,0,0,0,0,micro_polish_cleanser,ren_clean_skincare,cleanser,ren_clean_skincare_micro_polish_cleanser,,,,,,,,,,"Citrus Aurantium Bergamia (Bergamot) Leaf Extract;Glycerin;Sodium Cocoyl Isethionate;Sorbitol;Disiodium Lauryl Sulfosuccinate;Sodium Chloride;Amber Powder;Phenoxyethanol;Helianthus Annuus (Sunflower) Seed Oil;Maltodextrin;Carica Papaya (Papaya) Fruit Extract;Parfum (Fragrance);Citrus Aurantium Dulcis (Orange) Flower Oil;Citrus Nobilis (Mandarin Orange) Peel Oil;Citrus Tangerina (Tangerine) Peel Oil;Citrus Grandis (Grapefruit) Peel Oil;Xanthan Gum;Ethylhexylglycerin;Lactic Acid;Citrus Medica Limonum (Lemon) Fruit Extract;Passiflora Quadrangularis Fruit Extract;Ananas Sativus (Pineapple) Fruit Extract;Vitis Vinifera (Grape) Fruit Extract;Alcohol Denat,;Daucus Carota Sativa (Carrot) Seed Oil;Daucus Carota Sativa (Carrot) Root Extract;Beta-Carotene;Ascorbyl Palmitate;Potassium Sorbate;Sodium Bisulfite;Limonene;Linalool;Citral,",,,,,,,,,,cleanser,nan
Cleanser,DERMADOCTOR,"Kakadu C™ Brightening Daily Cleanser with Vitamins C, A & AHAs",36,3.9,"Aloe Barbadensis Leaf Extract, Decyl Glucoside, Glycerin, Lactic Acid, Hamamelis Virginiana (Witch Hazel) Extract, Sorbitol, Xanthan Gum, Sodium Hyaluronate, Malic Acid, Propyl Gallate, Aqua (Water), Gallyl Glucoside, Epigallocatechin Gallatyl Glucoside, Terminalia Ferdinandiana (Kakadu Plum) Fruit Extract, Prunus Armeniaca (Apricot) Fruit Extract, Aniba Rosaeodora (Rosewood) Wood Extract, Citrus Aurantifolia (Lime) Peel Extract, Citrus Aurantium Dulcis (Orange) Peel Extract, Vanilla Planifolia Fruit Extract, Citrus Grandis (Grapefruit) Peel Extract, Mangifera Indica (Mango) Fruit Extract, Cocos Nucifera (Coconut) Oil, Magnesium Ascorbyl Phosphate, Tocopheryl Acetate, Retinyl Palmitate, Sodium Phytate, Phenoxyethanol, Ethylhexylglycerin.",0,0,0,0,0,"kakadu_c_brightening_daily_cleanser_with_vitamins_c,_a_ahas",dermadoctor,cleanser,"dermadoctor_kakadu_c_brightening_daily_cleanser_with_vitamins_c,_a_ahas",,,,,,,,,,"Aloe Barbadensis Leaf Extract;Decyl Glucoside;Glycerin;Lactic Acid;Hamamelis Virginiana (Witch Hazel) Extract;Sorbitol;Xanthan Gum;Sodium Hyaluronate;Malic Acid;Propyl Gallate;Aqua (Water);Gallyl Glucoside;Epigallocatechin Gallatyl Glucoside;Terminalia Ferdinandiana (Kakadu Plum) Fruit Extract;Prunus Armeniaca (Apricot) Fruit Extract;Aniba Rosaeodora (Rosewood) Wood Extract;Citrus Aurantifolia (Lime) Peel Extract;Citrus Aurantium Dulcis (Orange) Peel Extract;Vanilla Planifolia Fruit Extract;Citrus Grandis (Grapefruit) Peel Extract;Mangifera Indica (Mango) Fruit Extract;Cocos Nucifera (Coconut) Oil;Magnesium Ascorbyl Phosphate;Tocopheryl Acetate;Retinyl Palmitate;Sodium Phytate;Phenoxyethanol;Ethylhexylglycerin,",,,,,,,,,,cleanser,nan
Treatment,DRUNK ELEPHANT,C-Firma™ Day Serum,80,4.1,"Water, Ethoxydiglycol, Ascorbic Acid, Glycerin, Laureth-23, Lactobacillus/Pumpkin Ferment Extract, Sclerocarya Birrea Seed Oil, Ferulic Acid, Sodium Hyaluronate, Chondrus Crispus Extract, Camellia Sinensis Leaf Extract, Lactobacillus/Punica Granatum Fruit Ferment Extract, Glycyrrhiza Glabra (Licorice) Root Extract, Vitis Vinifera (Grape) Juice Extract, Phyllanthus Emblica Fruit Extract, Hydrolyzed Wheat Protein, Tocopherol, Caprylhydroxamic Acid, Acetyl Glucosamine, Hydrolyzed Quinoa, Glutamylamidoethyl Imidazole, Dipotassium Glycyrrhizate, Tetrahydrodiferuloylmethane, Tetrahydrodemethoxydiferuloylmethane, Tetrahydrobisdemethoxydiferuloylmethane, Sodium Hyaluronate Crosspolymer, Glycine, Sucrose, Maltodextrin, Propanediol, Caprylyl Glycol, Sodium Hydroxide, Xanthan gum, Hydroxyethyl Acrylate/Sodium Acryloyldimethyl Taurate Copolymer, Isohexadecane, Polysorbate 60.",1,1,1,1,0,c_firma_day_serum,drunk_elephant,treatment,drunk_elephant_c_firma_day_serum,,,,,,,,,,"Ethoxydiglycol;Ascorbic Acid;Glycerin;Laureth-23;Lactobacillus/Pumpkin Ferment Extract;Sclerocarya Birrea Seed Oil;Ferulic Acid;Sodium Hyaluronate;Chondrus Crispus Extract;Camellia Sinensis Leaf Extract;Lactobacillus/Punica Granatum Fruit Ferment Extract;Glycyrrhiza Glabra (Licorice) Root Extract;Vitis Vinifera (Grape) Juice Extract;Phyllanthus Emblica Fruit Extract;Hydrolyzed Wheat Protein;Tocopherol;Caprylhydroxamic Acid;Acetyl Glucosamine;Hydrolyzed Quinoa;Glutamylamidoethyl Imidazole;Dipotassium Glycyrrhizate;Tetrahydrodiferuloylmethane;Tetrahydrodemethoxydiferuloylmethane;Tetrahydrobisdemethoxydiferuloylmethane;Sodium Hyaluronate Crosspolymer;Glycine;Sucrose;Maltodextrin;Propanediol;Caprylyl Glycol;Sodium Hydroxide;Xanthan gum;Hydroxyethyl Acrylate/Sodium Acryloyldimethyl Taurate Copolymer;Isohexadecane;Polysorbate 60,",,,,,,,,,,treatment,nan
Treatment,SUNDAY RILEY,Good Genes All-In-One Lactic Acid Treatment,158,4.3,"Opuntia Tuna Fruit (Prickly Pear) Extract, Agave Tequilana Leaf (Blue Agave) Extract, Cypripedium Pubescens (Lady's Slipper Orchid) Extract, Opuntia Vulgaris (Cactus) Extract, Aloe Barbadensis Leaf Extract & Saccharomyses Cerevisiae (Yeast) Extract, Lactic Acid, Caprylic/Capric Triglyceride, Butylene Glycol, Squalane, Cyclomethicone, Dimethicone, Ppg-12/Smdi Copolymer, Stearic Acid, Cetearyl Alcohol And Ceteareth20, Glyceryl Stearate And Peg-100 Stearate, Arnica Montana (Flower) Extract, Peg-75 Meadowfoam Oil, Glycyrrhiza Glabra (Licorice) Root Extract, Cymbopogon Schoenanthus (Lemongrass) Oil, Triethanolamine, Xantham Gum, Phenoxyethanol, Steareth-20, Dmdm Hydantoin.",1,1,1,1,0,good_genes_all_in_one_lactic_acid_treatment,sunday_riley,treatment,sunday_riley_good_genes_all_in_one_lactic_acid_treatment,0.0,2000.0,154923.0,4.3046,1.7,Treatments,92.94,0.22,1.29,"Opuntia Tuna Fruit (Prickly Pear) Extract;Agave Tequilana Leaf (Blue Agave) Extract;Cypripedium Pubescens (Lady's Slipper Orchid) Extract;Opuntia Vulgaris (Cactus) Extract;Aloe Barbadensis Leaf Extract & Saccharomyses Cerevisiae (Yeast) Extract;Lactic Acid;Caprylic/Capric Triglyceride;Butylene Glycol;Squalane;Cyclomethicone;Dimethicone;Ppg-12/Smdi Copolymer;Stearic Acid;Cetearyl Alcohol And Ceteareth20;Glyceryl Stearate And Peg-100 Stearate;Arnica Montana (Flower) Extract;Peg-75 Meadowfoam Oil;Glycyrrhiza Glabra (Licorice) Root Extract;Cymbopogon Schoenanthus (Lemongrass) Oil;Triethanolamine;Xantham Gum;Phenoxyethanol;Steareth-20;Dmdm Hydantoin,",0.0,2000.0,154923.0,4.3046,1.7,Treatments,92.94,0.22,1.29,treatment,Very High (26k - 193k)
Treatment,ESTÉE LAUDER,Advanced Night Repair Synchronized Recovery Complex II,98,4.3,"Advanced Night Repr Sync Rec Cmp11 Division: El (Estee Lauder)Ingredients: Water , Bifida Ferment Lysate , Methyl Gluceth-20 , Peg-75 , Bis-Peg-18 Methyl Ether Dimethyl Silane , Butylene Glycol , Propanediol , Cola Acuminata (Kola) Seed Extract , Hydrolyzed Algin , Pantethine , Caffeine , Lecithin , Tripeptide-32 , Ethylhexylglycerin , Sodium Rna , Bisabolol , Glycereth-26 , Squalane , Sodium Hyaluronate , Oleth-3 Phosphate , Caprylyl Glycol , Lactobacillus Ferment , Oleth-3 , Oleth-5 , Anthemis Nobilis (Chamomile) , Yeast Extract/Faex/Extrait De Levure , Choleth-24 , Hydrogenated Lecithin , Ceteth-24 , Tocopheryl Acetate , Ethylhexyl Methoxycinnamate , Hexylene Glycol , Carbomer , Triethanolamine , Trisodium Edta , Bht , Xanthan Gum , Phenoxyethanol , Red 4 (Ci 14700) , Yellow 5 (Ci 19140)",1,1,1,1,1,advanced_night_repair_synchronized_recovery_complex_ii,estée_lauder,treatment,estée_lauder_advanced_night_repair_synchronized_recovery_complex_ii,,,,,,,,,,Advanced Night Repr Sync Rec Cmp11 Division: El (Estee Lauder)Ingredients: Water;Bifida Ferment Lysate;Methyl Gluceth-20;Peg-75;Bis-Peg-18 Methyl Ether Dimethyl Silane;Butylene Glycol;Propanediol;Cola Acuminata (Kola) Seed Extract;Hydrolyzed Algin;Pantethine;Caffeine;Lecithin;Tripeptide-32;Ethylhexylglycerin;Sodium Rna;Bisabolol;Glycereth-26;Squalane;Sodium Hyaluronate;Oleth-3 Phosphate;Caprylyl Glycol;Lactobacillus Ferment;Oleth-3;Oleth-5;Anthemis Nobilis (Chamomile);Yeast Extract/Faex/Extrait De Levure;Choleth-24;Hydrogenated Lecithin;Ceteth-24;Tocopheryl Acetate;Ethylhexyl Methoxycinnamate;Hexylene Glycol;Carbomer;Triethanolamine;Trisodium Edta;Bht;Xanthan Gum;Phenoxyethanol;Red 4 (Ci 14700);Yellow 5 (Ci 19140),0.0,540.0,72661.0,4.3463,1.7,Treatments,57.65,0.8,0.74,treatment,nan
Treatment,OLEHENRIKSEN,Truth Serum®,48,4.3,"Water, Sodium Ascorbyl Phosphate, Calcium Ascorbate, Sorbitol, Glycerin, Tocopheryl Acetate, Aloe Barbadensis Leaf Juice, Citrus Aurantium Dulcis (Orange) Fruit Extract, Camellia Sinensis Leaf Extract, Euphrasia Officinalis Extract, Rosa Canina Fruit Extract, Citrus Grandis (Grapefruit) Seed Extract, Oleth-20, Hydroxyethylcellulose, PEG-12 Dimethicone, Benzophenone-4, Sodium Hyaluronate, Thioctic Acid, Phenoxyethanol, Citric Acid, Caprylyl Glycol, Hexylene Glycol, Limonene, Linalool, Citral, Fragrance, Yellow 6.",1,1,1,1,1,truth_serum,olehenriksen,treatment,olehenriksen_truth_serum,,,,,,,,,,"Sodium Ascorbyl Phosphate;Calcium Ascorbate;Sorbitol;Glycerin;Tocopheryl Acetate;Aloe Barbadensis Leaf Juice;Citrus Aurantium Dulcis (Orange) Fruit Extract;Camellia Sinensis Leaf Extract;Euphrasia Officinalis Extract;Rosa Canina Fruit Extract;Citrus Grandis (Grapefruit) Seed Extract;Oleth-20;Hydroxyethylcellulose;PEG-12 Dimethicone;Benzophenone-4;Sodium Hyaluronate;Thioctic Acid;Phenoxyethanol;Citric Acid;Caprylyl Glycol;Hexylene Glycol;Limonene;Linalool;Citral;Fragrance;Yellow 6,",0.0,4000.0,171521.0,4.2454,1.0,,49.0,0.11,2.33,treatment,nan
Treatment,LANCÔME,Advanced Génifique Youth Activating Serum Duo,178,2.0,"Water, Bifida Ferment Lysate, Glycerin, Alcohol Denat., Dimethicone, Hydroxyethylpiperazine Ethane Sulfonic Acid, Ascorbyl Glucoside, Sodium Hyaluronate, Sodium Hydroxide, Sodium Benzoate, Phenoxyethanol, Adenosine, Faex Extract/Yeast Extract/Extrait De Levure, Peg-20 Methyl Glucose Sesquistearate, Peg-60 Hydrogenated Castor Oil, Salicyloyl Phytosphingosine, Ammonium Polyacryldimethyltauramide/Ammonium Polyacryloyldimethyl Taurate, Limonene, Xanthan Gum, Caprylyl Glycol, Disodium Edta, Octyldodecanol, Citronellol, Fragrance.",0,0,0,0,0,advanced_génifique_youth_activating_serum_duo,lancôme,treatment,lancôme_advanced_génifique_youth_activating_serum_duo,,,,,,,,,,"Bifida Ferment Lysate;Glycerin;Alcohol Denat,;Dimethicone;Hydroxyethylpiperazine Ethane Sulfonic Acid;Ascorbyl Glucoside;Sodium Hyaluronate;Sodium Hydroxide;Sodium Benzoate;Phenoxyethanol;Adenosine;Faex Extract/Yeast Extract/Extrait De Levure;Peg-20 Methyl Glucose Sesquistearate;Peg-60 Hydrogenated Castor Oil;Salicyloyl Phytosphingosine;Ammonium Polyacryldimethyltauramide/Ammonium Polyacryloyldimethyl Taurate;Limonene;Xanthan Gum;Caprylyl Glycol;Disodium Edta;Octyldodecanol;Citronellol;Fragrance,",0.0,1000.0,41278.0,4.4907,1.69,,62.13,0.45,2.42,treatment,nan
Treatment,DR. DENNIS GROSS SKINCARE,Alpha Beta® Extra Strength Daily Peel,88,4.5,"-Glycolic Acid: Reduces visible signs of aging. -Salicylic Acid: Reduces pore blockages and supports natural collagen. -Mandelic Acid: Supplements the anti-aging benefits of glycolic acid and possesses anti-irritation and anti-redness properties. -Lactic Acid: A naturally occurring alpha hydroxy acid that supports natural cell renewal. -Citric Acid (AHA), Malic Acid (AHA), and Willow Bark Extract (BHA) Step One: Water, Alcohol Denat. (SD Alcohol 40-B), Glycolic Acid, Potassium Hydroxide, Hamamelis Virginiana (Witch Hazel) Water, Salicylic Acid, Polysorbate 20, Lactic Acid, Mandelic Acid, Malic Acid, Citric Acid, Salix Alba (Willow) Bark Extract, Menthone Glycerin Acetal, Camellia Sinensis Leaf Extract, Achillea Millefolium Extract, Anthemis Nobilis (Chamomile) Flower Extract, Soy Isoflavones, Copper PCA, Zinc PCA, Lecithin, Disodium EDTA, Alcohol, Polysorbate 80, Fragrance (Parfum), Linalool, Benzyl Salicylate, Benzoic Acid, Phenoxyethanol, Sodium Benzoate. Step Two: Water, Sodium Bicarbonate, Resveratrol, Retinol, Ascorbic Acid, Ubiquinone, Ascorbyl Palmitate, Phospholipids, Retinyl Palmitate, Tocopheryl Acetate, Soy Isoflavones, Achillea Millefolium Extract , Camellia Sinensis Leaf Extract, Raphanus Sativus (Radish) Root Extract, Copper PCA, Sodium PCA, Zinc PCA, Lecithin, Polysorbate 20, Polysorbate 80, Alcohol, BHT, Octoxynol-9, Simethicone, Tetrasodium EDTA, Sodium Benzoate, Phenoxyethanol.",1,1,1,1,0,alpha_beta_extra_strength_daily_peel,dr._dennis_gross_skincare,treatment,dr._dennis_gross_skincare_alpha_beta_extra_strength_daily_peel,,,,,,,,,,"-Glycolic Acid: Reduces visible signs of aging, -Salicylic Acid: Reduces pore blockages and supports natural collagen, -Mandelic Acid: Supplements the anti-aging benefits of glycolic acid and possesses anti-irritation and anti-redness properties, -Lactic Acid: A naturally occurring alpha hydroxy acid that supports natural cell renewal, -Citric Acid (AHA);Malic Acid (AHA);and Willow Bark Extract (BHA) Step One: Water;Alcohol Denat, (SD Alcohol 40-B);Glycolic Acid;Potassium Hydroxide;Hamamelis Virginiana (Witch Hazel) Water;Salicylic Acid;Polysorbate 20;Lactic Acid;Mandelic Acid;Malic Acid;Citric Acid;Salix Alba (Willow) Bark Extract;Menthone Glycerin Acetal;Camellia Sinensis Leaf Extract;Achillea Millefolium Extract;Anthemis Nobilis (Chamomile) Flower Extract;Soy Isoflavones;Copper PCA;Zinc PCA;Lecithin;Disodium EDTA;Alcohol;Polysorbate 80;Fragrance (Parfum);Linalool;Benzyl Salicylate;Benzoic Acid;Phenoxyethanol;Sodium Benzoate, Step Two: Water;Sodium Bicarbonate;Resveratrol;Retinol;Ascorbic Acid;Ubiquinone;Ascorbyl Palmitate;Phospholipids;Retinyl Palmitate;Tocopheryl Acetate;Soy Isoflavones;Achillea Millefolium Extract;Camellia Sinensis Leaf Extract;Raphanus Sativus (Radish) Root Extract;Copper PCA;Sodium PCA;Zinc PCA;Lecithin;Polysorbate 20;Polysorbate 80;Alcohol;BHT;Octoxynol-9;Simethicone;Tetrasodium EDTA;Sodium Benzoate;Phenoxyethanol,",0.0,2000.0,92304.0,4.5534,,,,0.23,2.17,treatment,nan
Treatment,LANCÔME,Advanced Génifique Youth Activating Serum,105,4.5,Visit the Lancôme boutique,1,1,1,1,1,advanced_génifique_youth_activating_serum,lancôme,treatment,lancôme_advanced_génifique_youth_activating_serum,,,,,,,,,,Visit the Lancôme boutique,,,,,,,,,,treatment,nan
Treatment,KIEHL'S SINCE 1851,Clearly Corrective™ Dark Spot Solution,50,3.5,"Water, Propylene Glycol, Glycerin, Alcohol Denat., Peg/Ppg/Polybutylene Glycol-8/5/3 Glycerin, Hydroxypropyl Tetrahydropyrantriol, 3-O-Ethyl Ascorbic Acid, Ppg-6-Decyltetradeceth-30, Phenoxyethanol, Salicylic Acid, Xanthan Gum, Hydroxyethylcellulose, Potassium Hydroxide, Citric Acid, Sodium Citrate, Tocopheryl Acetate, Lavandula Angustifolia Oil, Lavender Oil, Disodium EDTA, Linalool, Citrus Tachibana, Citrus Aurantium Tachibana Peel Extract, Paeonia Suffruticosa Extract, Paeonia Suffruticosa Root Extract.",1,1,1,1,1,clearly_corrective_dark_spot_solution,kiehl's_since_1851,treatment,kiehl's_since_1851_clearly_corrective_dark_spot_solution,,,,,,,,,,"Propylene Glycol;Glycerin;Alcohol Denat,;Peg/Ppg/Polybutylene Glycol-8/5/3 Glycerin;Hydroxypropyl Tetrahydropyrantriol;3-O-Ethyl Ascorbic Acid;Ppg-6-Decyltetradeceth-30;Phenoxyethanol;Salicylic Acid;Xanthan Gum;Hydroxyethylcellulose;Potassium Hydroxide;Citric Acid;Sodium Citrate;Tocopheryl Acetate;Lavandula Angustifolia Oil;Lavender Oil;Disodium EDTA;Linalool;Citrus Tachibana;Citrus Aurantium Tachibana Peel Extract;Paeonia Suffruticosa Extract;Paeonia Suffruticosa Root Extract,",0.0,174.0,27192.0,3.6839,1.0,,52.0,2.12,0.64,treatment,nan
Treatment,LA MER,The Concentrate,370,3.9,"Cyclopentasiloxane, Algae (Seaweed) Extract, Glycerin, Dimethicone, Polysilicone-11, Isononyl Isononanoate, Dimethicone/Peg-10/15 Crosspolymer, Sesamum Indicum (Sesame) Seed Oil, Medicago Sativa (Alfalfa) Seed Powder, Helianthus Annuus (Sunflower) Seedcake, Prunus Amygdalus Dulcis (Sweet Almond) Seed Meal, Eucalyptus Globulus (Eucalyptus) Leaf Oil, Sodium Gluconate, Copper Gluconate, Calcium Gluconate, Magnesium Gluconate, Zinc Gluconate, Tocopheryl Succinate, Niacin, Sesamum Indicum (Sesame) Seed Powder, Water, Dimethicone Crosspolymer, Helichrysum Arenarium (Everlasting) Extract, Laminaria Ochroleuca Extract, Triticum Vulgare (Wheat) Flour Lipids, Citrus Aurantifolia (Lime) Peel Extract, Crithmum Maritimum Extract, Alteromonas Ferment Extract, Chlorella Vulgaris Extract, Yeast Extract/Faex/Extrait De Levure, Cholesterol, Linoleic Acid, Tetraacetylphytosphingosine, Caprylic/Capric Triglyceride, Rosmarinus Officinalis (Rosemary) Leaf Oil, Ocimum Basilicum (Basil) Oil, Lavandula Angustifolia (Lavender) Oil, Lavandula Hybrida (Lavandin) Oil, Dipropylene Glycol, Sodium Citrate, Limonene, Linalool, Phenoxyethanol",0,0,0,0,0,the_concentrate,la_mer,treatment,la_mer_the_concentrate,0.0,61.0,15710.0,3.9344,1.0,Treatments,370.0,6.45,0.39,Cyclopentasiloxane;Algae (Seaweed) Extract;Glycerin;Dimethicone;Polysilicone-11;Isononyl Isononanoate;Dimethicone/Peg-10/15 Crosspolymer;Sesamum Indicum (Sesame) Seed Oil;Medicago Sativa (Alfalfa) Seed Powder;Helianthus Annuus (Sunflower) Seedcake;Prunus Amygdalus Dulcis (Sweet Almond) Seed Meal;Eucalyptus Globulus (Eucalyptus) Leaf Oil;Sodium Gluconate;Copper Gluconate;Calcium Gluconate;Magnesium Gluconate;Zinc Gluconate;Tocopheryl Succinate;Niacin;Sesamum Indicum (Sesame) Seed Powder;Dimethicone Crosspolymer;Helichrysum Arenarium (Everlasting) Extract;Laminaria Ochroleuca Extract;Triticum Vulgare (Wheat) Flour Lipids;Citrus Aurantifolia (Lime) Peel Extract;Crithmum Maritimum Extract;Alteromonas Ferment Extract;Chlorella Vulgaris Extract;Yeast Extract/Faex/Extrait De Levure;Cholesterol;Linoleic Acid;Tetraacetylphytosphingosine;Caprylic/Capric Triglyceride;Rosmarinus Officinalis (Rosemary) Leaf Oil;Ocimum Basilicum (Basil) Oil;Lavandula Angustifolia (Lavender) Oil;Lavandula Hybrida (Lavandin) Oil;Dipropylene Glycol;Sodium Citrate;Limonene;Linalool;Phenoxyethanol,0.0,61.0,15710.0,3.9344,1.0,Treatments,370.0,6.45,0.39,treatment,High (13k - 26k)
Treatment,SHISEIDO,Ultimune Power Infusing Concentrate,100,4.2,"-ImuGeneration Technology: Features botanical extracts of reishi mushroom and iris root to continuously fortify skin’s ability to defend itself. -Exclusive Ultimune Complex™ (Bulgarian Rose Water, Aqua in Pool, and Yeast Extract: Protects and strengthens skin against day to day damage and signs of aging, while a powerful botanical blend of gingko biloba leaf extract, shiso, and thyme maintain a healthy-looking skin surface. - ImuCalm Compound™: Contains fragrance ingredients of rose and lotus elements and a green floral fragrance. -Reishi Mushrooms: Rich antioxidants containing polysaccharides (sugars) that are known to hydrate and visibly reduce aging. -Iris Root: Recognized for its vitality and ability to keep skin moisturized.",1,1,1,1,1,ultimune_power_infusing_concentrate,shiseido,treatment,shiseido_ultimune_power_infusing_concentrate,,,,,,,,,,"-ImuGeneration Technology: Features botanical extracts of reishi mushroom and iris root to continuously fortify skin’s ability to defend itself, -Exclusive Ultimune Complex™ (Bulgarian Rose Water;Aqua in Pool;and Yeast Extract: Protects and strengthens skin against day to day damage and signs of aging;while a powerful botanical blend of gingko biloba leaf extract;shiso;and thyme maintain a healthy-looking skin surface, - ImuCalm Compound™: Contains fragrance ingredients of rose and lotus elements and a green floral fragrance, -Reishi Mushrooms: Rich antioxidants containing polysaccharides (sugars) that are known to hydrate and visibly reduce aging, -Iris Root: Recognized for its vitality and ability to keep skin moisturized,",0.0,346.0,11292.0,4.1705,1.6,Treatments,62.5,1.21,3.06,treatment,nan
Treatment,GLAMGLOW,SUPERMUD® Activated Charcoal Treatment,59,4.2,"Water, Kaolin, Magnesium Aluminum Silicate, Mandelic Acid, Carbon, Eucalyptus Globulus Leaf, Tartaric Acid, Pyruvic Acid, Lactic Acid, Salicylic Acid, Glycolic Acid, Eucalyptus Globulus Leaf Powder, Aloe Barbadensis Leaf Juice, Glycyrrhiza Glabra (Licorice) Root Extract, Cucumis Sativus (Cucumber) Fruit Extract, Hedera Helix (Ivy) Extract, Symphytum Officinale (Comfrey) Leaf Extract, Chamomilla Recutita (Matricaria) Extract, Peg-12 Dimethicone, Caprylyl Glycol, Sodium Hydroxide, Butylene Glycol, Mentha Piperita (Peppermint) Oil, Hectorite, Hexylene Glycol, Glycerin, Calendula Officinalis Extract, Maltodextrin, Ethylhexylglycerin, Xanthan Gum, Fragrance, Limonene, Benzyl Benzoate, Linalool, Phenoxyethanol, Potassium Sorbate, Sodium Benzoate, Iron Oxides (Ci 77499)",1,0,1,1,0,supermud_activated_charcoal_treatment,glamglow,treatment,glamglow_supermud_activated_charcoal_treatment,,,,,,,,,,Kaolin;Magnesium Aluminum Silicate;Mandelic Acid;Carbon;Eucalyptus Globulus Leaf;Tartaric Acid;Pyruvic Acid;Lactic Acid;Salicylic Acid;Glycolic Acid;Eucalyptus Globulus Leaf Powder;Aloe Barbadensis Leaf Juice;Glycyrrhiza Glabra (Licorice) Root Extract;Cucumis Sativus (Cucumber) Fruit Extract;Hedera Helix (Ivy) Extract;Symphytum Officinale (Comfrey) Leaf Extract;Chamomilla Recutita (Matricaria) Extract;Peg-12 Dimethicone;Caprylyl Glycol;Sodium Hydroxide;Butylene Glycol;Mentha Piperita (Peppermint) Oil;Hectorite;Hexylene Glycol;Glycerin;Calendula Officinalis Extract;Maltodextrin;Ethylhexylglycerin;Xanthan Gum;Fragrance;Limonene;Benzyl Benzoate;Linalool;Phenoxyethanol;Potassium Sorbate;Sodium Benzoate;Iron Oxides (Ci 77499),0.0,5000.0,235409.0,4.2189,1.7,,34.71,0.08,2.12,treatment,nan
Treatment,DRUNK ELEPHANT,B-Hydra™ Intensive Hydration Serum,52,4.2,"Water, Coconut Alkanes, Ammonium Acryloyldimethyltaurate/VP Copolymer, Glycerin, Pentylene Glycol, Sclerocarya Birrea Seed Oil, Wheat Amino Acids, Ananas Sativus (Pineapple) Fruit Extract, Berberis Vulgaris Root Extract, Citrullus Lanatus (Watermelon) Fruit Extract, Lens Esculenta (Lentil) Fruit Extract, Pyrus Malus (Apple) Fruit Extract, Coco-Caprylate/Caprate, Panthenol, Sodium PCA, Sodium Hyaluronate Crosspolymer, Dipotassium Glycyrrhizate, Niacinamide, Cyclodextrin, Sodium Hyaluronate, Sodium Lactate, Phenoxyethanol, Hydroxyproline, Trisodium Ethylenediamine Disuccinate, Citric Acid, Caprylyl Glycol, Chlorphenesin, Ethylhexylglycerin.",1,1,1,1,0,b_hydra_intensive_hydration_serum,drunk_elephant,treatment,drunk_elephant_b_hydra_intensive_hydration_serum,,,,,,,,,,"Coconut Alkanes;Ammonium Acryloyldimethyltaurate/VP Copolymer;Glycerin;Pentylene Glycol;Sclerocarya Birrea Seed Oil;Wheat Amino Acids;Ananas Sativus (Pineapple) Fruit Extract;Berberis Vulgaris Root Extract;Citrullus Lanatus (Watermelon) Fruit Extract;Lens Esculenta (Lentil) Fruit Extract;Pyrus Malus (Apple) Fruit Extract;Coco-Caprylate/Caprate;Panthenol;Sodium PCA;Sodium Hyaluronate Crosspolymer;Dipotassium Glycyrrhizate;Niacinamide;Cyclodextrin;Sodium Hyaluronate;Sodium Lactate;Phenoxyethanol;Hydroxyproline;Trisodium Ethylenediamine Disuccinate;Citric Acid;Caprylyl Glycol;Chlorphenesin;Ethylhexylglycerin,",1.0,1000.0,75143.0,4.1762,1.69,,30.77,0.42,1.33,treatment,nan
Treatment,DR. DENNIS GROSS SKINCARE,Alpha Beta® Universal Daily Peel,88,4.5,"-Glycolic Acid: Reduces the signs of aging. -Salicylic Acid: Reduces pore blockages and supports natural collagen. -Malic Acid: Supports natural cell renewal, fights the appearance of wrinkles, exfoliates, and moisturizes. -Genistein: Supports optimum natural collagen levels. -Lactic Acid (AHA) and Citric Acid (AHA) Step One: Water, Alcohol Denat. (SD Alcohol 40-B), Glycolic Acid, Potassium Hydroxide, Hamamelis Virginiana (Witch Hazel) Water, Salicylic Acid, Polysorbate 20, Citric Acid, Lactic Acid, Malic Acid, Camellia Sinensis Leaf Extract, Achillea Millefolium Extract, Anthemis Nobilis (Chamomile) Flower Extract, Soy Isoflavones, Copper PCA, Zinc PCA, Lecithin, Disodium EDTA, Alcohol, Polysorbate 80, Fragrance, Linalool, Benzyl Salicylate, Benzoic Acid, Phenoxyethanol, Sodium Benzoate. Step 2: Water, Sodium Bicarbonate, Ascorbic Acid, Ascorbyl Palmitate, Retinyl Palmitate, Retinol, Tocopheryl Acetate, Resveratrol, Ubiquinone, Achillea Millefolium Extract , Camellia Sinensis Leaf Extract, Raphanus Sativus (Radish) Root Extract, Soy Isoflavones, Phospholipids, Copper PCA, Sodium PCA, Zinc PCA, Lecithin, Polysorbate 20, Polysorbate 80, Octoxynol-9, Simethicone, Alcohol, BHT, Tetrasodium EDTA, Sodium Benzoate, Phenoxyethanol.",1,1,1,1,0,alpha_beta_universal_daily_peel,dr._dennis_gross_skincare,treatment,dr._dennis_gross_skincare_alpha_beta_universal_daily_peel,,,,,,,,,,"-Glycolic Acid: Reduces the signs of aging, -Salicylic Acid: Reduces pore blockages and supports natural collagen, -Malic Acid: Supports natural cell renewal;fights the appearance of wrinkles;exfoliates;and moisturizes, -Genistein: Supports optimum natural collagen levels, -Lactic Acid (AHA) and Citric Acid (AHA) Step One: Water;Alcohol Denat, (SD Alcohol 40-B);Glycolic Acid;Potassium Hydroxide;Hamamelis Virginiana (Witch Hazel) Water;Salicylic Acid;Polysorbate 20;Citric Acid;Lactic Acid;Malic Acid;Camellia Sinensis Leaf Extract;Achillea Millefolium Extract;Anthemis Nobilis (Chamomile) Flower Extract;Soy Isoflavones;Copper PCA;Zinc PCA;Lecithin;Disodium EDTA;Alcohol;Polysorbate 80;Fragrance;Linalool;Benzyl Salicylate;Benzoic Acid;Phenoxyethanol;Sodium Benzoate, Step 2: Water;Sodium Bicarbonate;Ascorbic Acid;Ascorbyl Palmitate;Retinyl Palmitate;Retinol;Tocopheryl Acetate;Resveratrol;Ubiquinone;Achillea Millefolium Extract;Camellia Sinensis Leaf Extract;Raphanus Sativus (Radish) Root Extract;Soy Isoflavones;Phospholipids;Copper PCA;Sodium PCA;Zinc PCA;Lecithin;Polysorbate 20;Polysorbate 80;Octoxynol-9;Simethicone;Alcohol;BHT;Tetrasodium EDTA;Sodium Benzoate;Phenoxyethanol,",0.0,943.0,44769.0,4.5016,,,,0.48,2.11,treatment,nan
Treatment,OLEHENRIKSEN,Truth Serum - Starlight Holiday Edition,128,4.0,"Water, Sodium Ascorbyl Phosphate, Calcium Ascorbate, Sorbitol, Glycerin, Tocopheryl Acetate, Aloe Barbadensis Leaf Juice, Citrus Aurantium Dulcis (Orange) Fruit Extract, Camellia Sinensis Leaf Extract, Euphrasia Officinalis Extract, Rosa Canina Fruit Extract, Citrus Grandis (Grapefruit) Seed Extract, Oleth-20, Hydroxyethylcellulose, PEG-12 Dimethicone, Benzophenone-4, Sodium Hyaluronate, Thioctic Acid, Phenoxyethanol, Citric Acid, Caprylyl Glycol, Hexylene Glycol, Limonene, Linalool, Citral, Fragrance, Yellow 6.",1,1,1,1,0,truth_serum_starlight_holiday_edition,olehenriksen,treatment,olehenriksen_truth_serum_starlight_holiday_edition,,,,,,,,,,"Sodium Ascorbyl Phosphate;Calcium Ascorbate;Sorbitol;Glycerin;Tocopheryl Acetate;Aloe Barbadensis Leaf Juice;Citrus Aurantium Dulcis (Orange) Fruit Extract;Camellia Sinensis Leaf Extract;Euphrasia Officinalis Extract;Rosa Canina Fruit Extract;Citrus Grandis (Grapefruit) Seed Extract;Oleth-20;Hydroxyethylcellulose;PEG-12 Dimethicone;Benzophenone-4;Sodium Hyaluronate;Thioctic Acid;Phenoxyethanol;Citric Acid;Caprylyl Glycol;Hexylene Glycol;Limonene;Linalool;Citral;Fragrance;Yellow 6,",,,,,,,,,,treatment,nan
Treatment,DRUNK ELEPHANT,NightBright™ Duo,28,4.2,"Water, Glycolic Acid, Butylene Glycol, Glycerin, Sodium Hydroxide, Salicylic Acid, Lactic Acid, Citric Acid, Vitis Vinifera (Grape) Juice Extract, Aloe Barbadensis Leaf Juice, Opuntia Ficus-Indica Extract, Aesculus Hippocastanum (Horse Chestnut) Seed Extract, Camellia Sinensis Leaf Extract, Rubus Idaeus (Raspberry) Fruit Extract, Saccharomyces Cerevisiae Extract, Buddleja Davidii Meristem Cell Culture, Sclerocarya Birrea Seed Oil, Sodium Hyaluronate Crosspolymer, Allantoin, Hydroxyethylcellulose, Galactoarabinan, Propanediol, Disodium EDTA, Xanthan Gum, Hexylene Glycol, Phenoxyethanol, Caprylyl Glycol, Ethylhexylglycerin, Sodium Nitrate, Potassium Sorbate, Pentylene Glycol, Sodium Benzoate.",1,1,1,1,1,nightbright_duo,drunk_elephant,treatment,drunk_elephant_nightbright_duo,,,,,,,,,,"Glycolic Acid;Butylene Glycol;Glycerin;Sodium Hydroxide;Salicylic Acid;Lactic Acid;Citric Acid;Vitis Vinifera (Grape) Juice Extract;Aloe Barbadensis Leaf Juice;Opuntia Ficus-Indica Extract;Aesculus Hippocastanum (Horse Chestnut) Seed Extract;Camellia Sinensis Leaf Extract;Rubus Idaeus (Raspberry) Fruit Extract;Saccharomyces Cerevisiae Extract;Buddleja Davidii Meristem Cell Culture;Sclerocarya Birrea Seed Oil;Sodium Hyaluronate Crosspolymer;Allantoin;Hydroxyethylcellulose;Galactoarabinan;Propanediol;Disodium EDTA;Xanthan Gum;Hexylene Glycol;Phenoxyethanol;Caprylyl Glycol;Ethylhexylglycerin;Sodium Nitrate;Potassium Sorbate;Pentylene Glycol;Sodium Benzoate,",1.0,619.0,124048.0,4.2084,,,,0.68,0.5,treatment,nan
Treatment,CAUDALIE,Vinopure Natural Salicylic Acid Pore Minimizing Serum,49,4.4,*Plant origin.,1,0,1,1,1,vinopure_natural_salicylic_acid_pore_minimizing_serum,caudalie,treatment,caudalie_vinopure_natural_salicylic_acid_pore_minimizing_serum,1.0,521.0,34155.0,4.4242,1.0,Treatments,49.0,0.85,1.53,"*Plant origin,",1.0,521.0,34155.0,4.4242,1.0,Treatments,49.0,0.85,1.53,treatment,Very High (26k - 193k)
Treatment,FARSÁLI,Skintune Blur Perfecting Primer Serum,54,4.2,"Water, Methyl Methacrylate Crosspolymer, Dimethicone, Propanediol, Glycerin, Dimethicone/Vinyl Dimethicone Crosspolymer, Coco-Caprylate, Caprate, Squalane, Ethyl Macadamiate, Cetearyl Isononanoate, Phenoxyethanol, Ceteareth-20, Cetearyl Alcohol, Hydroxyethyl Acrylate/Sodium, Acryloyldimethyl Taurate Copolymer, Glyceryl Stearate, Ascorbic Acid, Ethylhexylglycerin, Tocopherol, Polysorbate 60, Sorbitan Isostearate, Sodium PCA, Chamomilla Recutita Flower Extract, Terminalia Ferdinandiana Fruit Extract, Caprylic/Capric Triglyceride, Sodium Citrate, Phragmites Kharka Extract, Poria Cocos Extract, Citric Acid, Benzoic Acid, Ceteareth-12, Cetyl Palmitate, Sodium Benzoate, Malic Acid, Cucumis Sativus Fruit Extract.",0,0,0,0,0,skintune_blur_perfecting_primer_serum,farsáli,treatment,farsáli_skintune_blur_perfecting_primer_serum,,,,,,,,,,"Methyl Methacrylate Crosspolymer;Dimethicone;Propanediol;Glycerin;Dimethicone/Vinyl Dimethicone Crosspolymer;Coco-Caprylate;Caprate;Squalane;Ethyl Macadamiate;Cetearyl Isononanoate;Phenoxyethanol;Ceteareth-20;Cetearyl Alcohol;Hydroxyethyl Acrylate/Sodium;Acryloyldimethyl Taurate Copolymer;Glyceryl Stearate;Ascorbic Acid;Ethylhexylglycerin;Tocopherol;Polysorbate 60;Sorbitan Isostearate;Sodium PCA;Chamomilla Recutita Flower Extract;Terminalia Ferdinandiana Fruit Extract;Caprylic/Capric Triglyceride;Sodium Citrate;Phragmites Kharka Extract;Poria Cocos Extract;Citric Acid;Benzoic Acid;Ceteareth-12;Cetyl Palmitate;Sodium Benzoate;Malic Acid;Cucumis Sativus Fruit Extract,",0.0,336.0,51705.0,3.878,1.0,,54.0,1.15,0.65,treatment,nan
Treatment,SUNDAY RILEY,C.E.O. Rapid Flash Brightening Serum,85,3.9,"Water, Tetrahexyldecyl Ascorbate, Squalane, PEG-8 Beeswax, Hydrogenated Polydecene, Polyglyceryl-6 Distearate, PPG-12/SMDI Copolymer, Phenoxyethanol, Acetamidoethoxyethanol, Jojoba Esters, Sodium Acrylate/Sodium Acryloyldimethyl Taurate Copolymer, Glycine Soja Sterols, Tocopherol, Glycolic Acid, Caprylyl Glycol, Sodium Phytate, Citrus Aurantium Dulcis (Sweet Orange) Oil, Chlorphenesin, Cera Alba, Glycerin, Isosqualane, C30 Hydrocarbons, Saccharide Isomerate.",1,1,1,1,1,c.e.o._rapid_flash_brightening_serum,sunday_riley,treatment,sunday_riley_c.e.o._rapid_flash_brightening_serum,,,,,,,,,,"Tetrahexyldecyl Ascorbate;Squalane;PEG-8 Beeswax;Hydrogenated Polydecene;Polyglyceryl-6 Distearate;PPG-12/SMDI Copolymer;Phenoxyethanol;Acetamidoethoxyethanol;Jojoba Esters;Sodium Acrylate/Sodium Acryloyldimethyl Taurate Copolymer;Glycine Soja Sterols;Tocopherol;Glycolic Acid;Caprylyl Glycol;Sodium Phytate;Citrus Aurantium Dulcis (Sweet Orange) Oil;Chlorphenesin;Cera Alba;Glycerin;Isosqualane;C30 Hydrocarbons;Saccharide Isomerate,",,,,,,,,,,treatment,nan
Treatment,DRUNK ELEPHANT,Rise + Glow™ Duo,23,4.0,"Water, Ethoxydiglycol, Ascorbic Acid, Glycerin, Laureth-23, Lactobacillus/Pumpkin Ferment Extract, Sclerocarya Birrea Seed Oil, Ferulic Acid, Sodium Hyaluronate, Chondrus Crispus Extract, Camellia Sinensis Leaf Extract, Lactobacillus/Punica Granatum Fruit Ferment Extract, Glycyrrhiza Glabra (Licorice) Root Extract, Vitis Vinifera (Grape) Juice Extract, Phyllanthus Emblica Fruit Extract, Hydrolyzed Wheat Protein, Tocopherol, Caprylhydroxamic Acid, Acetyl Glucosamine, Hydrolyzed Quinoa, Glutamylamidoethyl Imidazole, Dipotassium Glycyrrhizate, Tetrahydrodiferuloylmethane, Tetrahydrodemethoxydiferuloylmethane, Tetrahydrobisdemethoxydiferuloylmethane, Sodium Hyaluronate Crosspolymer, Glycine, Sucrose, Maltodextrin, Propanediol, Caprylyl Glycol, Sodium Hydroxide, Xanthan gum, Hydroxyethyl Acrylate/Sodium Acryloyldimethyl Taurate Copolymer, Isohexadecane, Polysorbate 60.",1,1,1,1,1,rise_glow_duo,drunk_elephant,treatment,drunk_elephant_rise_glow_duo,,,,,,,,,,"Ethoxydiglycol;Ascorbic Acid;Glycerin;Laureth-23;Lactobacillus/Pumpkin Ferment Extract;Sclerocarya Birrea Seed Oil;Ferulic Acid;Sodium Hyaluronate;Chondrus Crispus Extract;Camellia Sinensis Leaf Extract;Lactobacillus/Punica Granatum Fruit Ferment Extract;Glycyrrhiza Glabra (Licorice) Root Extract;Vitis Vinifera (Grape) Juice Extract;Phyllanthus Emblica Fruit Extract;Hydrolyzed Wheat Protein;Tocopherol;Caprylhydroxamic Acid;Acetyl Glucosamine;Hydrolyzed Quinoa;Glutamylamidoethyl Imidazole;Dipotassium Glycyrrhizate;Tetrahydrodiferuloylmethane;Tetrahydrodemethoxydiferuloylmethane;Tetrahydrobisdemethoxydiferuloylmethane;Sodium Hyaluronate Crosspolymer;Glycine;Sucrose;Maltodextrin;Propanediol;Caprylyl Glycol;Sodium Hydroxide;Xanthan gum;Hydroxyethyl Acrylate/Sodium Acryloyldimethyl Taurate Copolymer;Isohexadecane;Polysorbate 60,",0.0,560.0,127519.0,4.1036,,,,0.73,0.44,treatment,nan
Treatment,CAUDALIE,Vinoperfect Radiance Serum,79,4.2,"Water, Butylene Glycol*, Glycerin*, Squalane*, Tocopheryl Acetate*, Ceteareth-20, Palmitoyl Grapevine Shoot Extract*, Glyceryl Stearate Se *, Bisabolol*, Parfum (Fragrance), Caprylyl Glycol, Acrylates/C10-30 Alkyl Acrylate Crosspolymer, Potassium Sorbate, Xanthan Gum, Carbomer, Sodium Hydroxide, Sodium Phytate*.",1,1,1,1,1,vinoperfect_radiance_serum,caudalie,treatment,caudalie_vinoperfect_radiance_serum,1.0,2000.0,59511.0,4.2488,1.0,Treatments,79.0,0.21,3.36,"Butylene Glycol*;Glycerin*;Squalane*;Tocopheryl Acetate*;Ceteareth-20;Palmitoyl Grapevine Shoot Extract*;Glyceryl Stearate Se *;Bisabolol*;Parfum (Fragrance);Caprylyl Glycol;Acrylates/C10-30 Alkyl Acrylate Crosspolymer;Potassium Sorbate;Xanthan Gum;Carbomer;Sodium Hydroxide;Sodium Phytate*,",1.0,2000.0,59511.0,4.2488,1.0,Treatments,79.0,0.21,3.36,treatment,Very High (26k - 193k)
Treatment,KIEHL'S SINCE 1851,Powerful-Strength Line-Reducing Concentrate 12.5% Vitamin C,62,3.8,"Propylene Glycol Dimethicone Glycerin Ascorbic Acid Ethylhexyl Palmitate Cetyl Peg/Ppg-10/1 Dimethicone Dimethicone Crosspolymer Ascorbyl Glucoside Cyclohexasiloxane Hydroxyethylpiperazine Ethane Sulfonic Acid Lauroyl Lysine Acrylonitrile/Methyl Methacrylate/Vinylidene Chloride Copolymer Polysilicone-11 Adenosine Hydrolyzed Hyaluronic Acid Limonene Isobutane Citrus Aurantium Dulcis (Orange) Peel Oil Citrus Limon Peel Oil, Lemon Peel Oil Citral Pentaerythrityl Tetra-Di-T-Butyl Hydroxyhydrocinnamate.",1,1,1,1,0,powerful_strength_line_reducing_concentrate_12.5_vitamin_c,kiehl's_since_1851,treatment,kiehl's_since_1851_powerful_strength_line_reducing_concentrate_12.5_vitamin_c,0.0,172.0,20600.0,3.75,1.7,Treatments,38.24,2.18,0.83,"Propylene Glycol Dimethicone Glycerin Ascorbic Acid Ethylhexyl Palmitate Cetyl Peg/Ppg-10/1 Dimethicone Dimethicone Crosspolymer Ascorbyl Glucoside Cyclohexasiloxane Hydroxyethylpiperazine Ethane Sulfonic Acid Lauroyl Lysine Acrylonitrile/Methyl Methacrylate/Vinylidene Chloride Copolymer Polysilicone-11 Adenosine Hydrolyzed Hyaluronic Acid Limonene Isobutane Citrus Aurantium Dulcis (Orange) Peel Oil Citrus Limon Peel Oil;Lemon Peel Oil Citral Pentaerythrityl Tetra-Di-T-Butyl Hydroxyhydrocinnamate,",0.0,172.0,20600.0,3.75,1.7,Treatments,38.24,2.18,0.83,treatment,High (13k - 26k)
Treatment,CLARINS,Double Serum Complete Age Control Concentrate,89,4.1,"Water, Cetearyl Isononanoate, Glycerin, Isononyl Isononanoate, Caprylic/Capric Triglyceride, Pentylene Glycol, Ppg-3 Myristyl Ether, Ethylene/Propylene/Styrene Copolymer. Dipsacus Sylvestris Extract, Butylene Glycol, Parfum/ Fragrance,Phenoxyethanol,Propanediol,Tromethamine. Silybum Marianum Seed Oil, Carbomer,Tocopheryl Acetate, Escin, Cheno - Podium Quinoa Seed Extract, Ethylhexylglycerin, Squalane,Avena Sativa (Oat) Kernel Extract, Theobroma Cacao (Cocoa) Extract, Butylene/Ethylene/Styrene Copolymer, Leontopodium Alpinum Extract, Xanthan Gum, Persea Gratissima (Avocado) Oil Unsaponifiables,Caramel,Curcuma Longa (Turmeric) Root Extract,Salicyloyl Phytosphingosine, Musa Sapientum (Banana) Fruit Extract, Salicornia Herbacea Extract, Actinidia Chinensis (Kiwi) Fruit Extract, Kalanchoe Pinnata Leaf Extract,Sodium Benzoate,Citric Acid, Myrothamnus Flabellifolia Leaf/Stem Extract, Disodium Edta,Tocopherol, Lycium Barbarum Fruit Extract,Maltodextrin, Orthosiphon Stamineus Extract, Hedychium Coronarium Root Extract, Mangifera Indica (Mango) Leaf Extract, Potassium Sorbate, Pentaerythrityl Tetra-Di-T-Butyl Hydroxyhydrocinnamate. Jania Rubens Extract, Ascorbic Acid, Sodium Citrate, Engelhardtia Chrysolepis Leaf Extract,Ci 14700/Red 4,Callicarpa Japonica Fruit Extract.",1,1,1,1,1,double_serum_complete_age_control_concentrate,clarins,treatment,clarins_double_serum_complete_age_control_concentrate,0.0,391.0,16293.0,4.0997,1.0,Treatments,89.0,1.05,2.4,"Cetearyl Isononanoate;Glycerin;Isononyl Isononanoate;Caprylic/Capric Triglyceride;Pentylene Glycol;Ppg-3 Myristyl Ether;Ethylene/Propylene/Styrene Copolymer, Dipsacus Sylvestris Extract;Butylene Glycol;Parfum/ Fragrance;Phenoxyethanol;Propanediol;Tromethamine, Silybum Marianum Seed Oil;Carbomer;Tocopheryl Acetate;Escin;Cheno - Podium Quinoa Seed Extract;Ethylhexylglycerin;Squalane;Avena Sativa (Oat) Kernel Extract;Theobroma Cacao (Cocoa) Extract;Butylene/Ethylene/Styrene Copolymer;Leontopodium Alpinum Extract;Xanthan Gum;Persea Gratissima (Avocado) Oil Unsaponifiables;Caramel;Curcuma Longa (Turmeric) Root Extract;Salicyloyl Phytosphingosine;Musa Sapientum (Banana) Fruit Extract;Salicornia Herbacea Extract;Actinidia Chinensis (Kiwi) Fruit Extract;Kalanchoe Pinnata Leaf Extract;Sodium Benzoate;Citric Acid;Myrothamnus Flabellifolia Leaf/Stem Extract;Disodium Edta;Tocopherol;Lycium Barbarum Fruit Extract;Maltodextrin;Orthosiphon Stamineus Extract;Hedychium Coronarium Root Extract;Mangifera Indica (Mango) Leaf Extract;Potassium Sorbate;Pentaerythrityl Tetra-Di-T-Butyl Hydroxyhydrocinnamate, Jania Rubens Extract;Ascorbic Acid;Sodium Citrate;Engelhardtia Chrysolepis Leaf Extract;Ci 14700/Red 4;Callicarpa Japonica Fruit Extract,",0.0,391.0,16293.0,4.0997,1.0,Treatments,89.0,1.05,2.4,treatment,High (13k - 26k)
Treatment,LA MER,The Regenerating Serum,345,3.9,"Water, Algae (Seaweed) Extract, Dimethicone, Hdi/Trimethylol Hexyllactone Crosspolymer, Hydrogenated Polyisobutene, Hydrogenated Vegetable Oil, Caprylic/Capric/Myristic/Stearic Triglyceride, Polysilicone-11, Peg-8 Dimethicone, Peg-10 Dimethicone, Yeast Extract/Faex/Extrait De Levure, Citrus Aurantifolia (Lime) Peel Extract, Sigesbeckia Orientalis (St. Paul'S Wort) Extract, Polygonum Cuspidatum Root Extract, Saccharomyces Lysate Extract, Sesamum Indicum (Sesame) Seed Oil, Eucalyptus Globulus (Eucalyptus) Leaf Oil, Sesamum Indicum (Sesame) Seed Powder, Medicago Sativa (Alfalfa) Seed Powder, Helianthus Annuus (Sunflower) Seedcake, Prunus Amygdalus Dulcis (Sweet Almond) Seed Meal, Sodium Gluconate, Copper Gluconate, Calcium Gluconate, Magnesium Gluconate, Zinc Gluconate, Tocopheryl Succinate, Niacin, Vitis Vinifera (Grape) Seed Extract, Rosmarinus Officinalis (Rosemary) Leaf Extract, Punica Granatum (Pomegranate) Fruit Juice, Bupleurum Falcatum Root Extract, Citrus Reticulata (Tangerine) Peel Extract, Narcissus Tazetta Bulb Extract, Mimosa Tenuiflora Bark Extract, Betula Alba (Birch) Bark Extract, Chlorella Vulgaris Extract, Humulus Lupulus (Hops) Extract, Laureth-4, Corallina Officinalis Extract, Glycine Soja (Soybean) Seed Extract, Micrococcus Lysate, Whey Protein/Lactis Protein/Proteine Du Petit-Lait, Tartaric Acid, Glycerin, Hydrolyzed Wheat Protein, Laureth-23, Butylene Glycol, Ammonium Acryloyldimethyltaurate/Beheneth-25 Methacrylate Crosspolymer, Sucrose, Coenzyme A, Acetyl Glucosamine, Caffeine, Dipalmitoyl Hydroxyproline, Linoleic Acid, Tetraacetylphytosphingosine, Alcaligenes Polysaccharides, Bifida Ferment Lysate, Pentylene Glycol, Dipotassium Glycyrrhizate, Palmitoyl Oligopeptide, Peg-8, Sorbitol, Tocopheryl Acetate, Eryngium Maritimum Extract, Sodium Hydroxide, Hydrogenated Lecithin, Hydroxypropyl Cyclodextrin, Nordihydroguaiaretic Acid, Cyclodextrin, Maltodextrin, Polymethylsilsesquioxane, Acetyl Hexapeptide-8, Glyceryl Polymethacrylate, Glycosaminoglycans, Gold, Tourmaline, Linolenic Acid, Silica, Ethylbisiminomethylguaiacol Manganese Chloride, Disodium Edta, Potassium Sorbate, Phenoxyethanol, Fragrance, Hydroxycitronellal, Linalool, Limonene, Citronellol, Geraniol, Green 5 (Ci 61570)",1,1,1,1,1,the_regenerating_serum,la_mer,treatment,la_mer_the_regenerating_serum,0.0,23.0,6243.0,3.913,1.0,Treatments,345.0,17.01,0.37,"Algae (Seaweed) Extract;Dimethicone;Hdi/Trimethylol Hexyllactone Crosspolymer;Hydrogenated Polyisobutene;Hydrogenated Vegetable Oil;Caprylic/Capric/Myristic/Stearic Triglyceride;Polysilicone-11;Peg-8 Dimethicone;Peg-10 Dimethicone;Yeast Extract/Faex/Extrait De Levure;Citrus Aurantifolia (Lime) Peel Extract;Sigesbeckia Orientalis (St, Paul'S Wort) Extract;Polygonum Cuspidatum Root Extract;Saccharomyces Lysate Extract;Sesamum Indicum (Sesame) Seed Oil;Eucalyptus Globulus (Eucalyptus) Leaf Oil;Sesamum Indicum (Sesame) Seed Powder;Medicago Sativa (Alfalfa) Seed Powder;Helianthus Annuus (Sunflower) Seedcake;Prunus Amygdalus Dulcis (Sweet Almond) Seed Meal;Sodium Gluconate;Copper Gluconate;Calcium Gluconate;Magnesium Gluconate;Zinc Gluconate;Tocopheryl Succinate;Niacin;Vitis Vinifera (Grape) Seed Extract;Rosmarinus Officinalis (Rosemary) Leaf Extract;Punica Granatum (Pomegranate) Fruit Juice;Bupleurum Falcatum Root Extract;Citrus Reticulata (Tangerine) Peel Extract;Narcissus Tazetta Bulb Extract;Mimosa Tenuiflora Bark Extract;Betula Alba (Birch) Bark Extract;Chlorella Vulgaris Extract;Humulus Lupulus (Hops) Extract;Laureth-4;Corallina Officinalis Extract;Glycine Soja (Soybean) Seed Extract;Micrococcus Lysate;Whey Protein/Lactis Protein/Proteine Du Petit-Lait;Tartaric Acid;Glycerin;Hydrolyzed Wheat Protein;Laureth-23;Butylene Glycol;Ammonium Acryloyldimethyltaurate/Beheneth-25 Methacrylate Crosspolymer;Sucrose;Coenzyme A;Acetyl Glucosamine;Caffeine;Dipalmitoyl Hydroxyproline;Linoleic Acid;Tetraacetylphytosphingosine;Alcaligenes Polysaccharides;Bifida Ferment Lysate;Pentylene Glycol;Dipotassium Glycyrrhizate;Palmitoyl Oligopeptide;Peg-8;Sorbitol;Tocopheryl Acetate;Eryngium Maritimum Extract;Sodium Hydroxide;Hydrogenated Lecithin;Hydroxypropyl Cyclodextrin;Nordihydroguaiaretic Acid;Cyclodextrin;Maltodextrin;Polymethylsilsesquioxane;Acetyl Hexapeptide-8;Glyceryl Polymethacrylate;Glycosaminoglycans;Gold;Tourmaline;Linolenic Acid;Silica;Ethylbisiminomethylguaiacol Manganese Chloride;Disodium Edta;Potassium Sorbate;Phenoxyethanol;Fragrance;Hydroxycitronellal;Linalool;Limonene;Citronellol;Geraniol;Green 5 (Ci 61570)",0.0,23.0,6243.0,3.913,1.0,Treatments,345.0,17.01,0.37,treatment,Low (3k - 7k)
Treatment,HERBIVORE,Blue Tansy AHA + BHA Resurfacing Clarity Mask,48,4.5,"Aloe Barbadensis (Organic Aloe) Leaf Juice, Hydroxyethyl Ethylcellulose (Plant Derived), Glycerin, Glyceryl Caprylate, Salix Nigra (Willow) Bark Extract, Tanacetum Annuum (Blue Tansy) Flower Oil, Jasminum Sambac (Jasmine) Flower Water, Ananas Sativus (Organic Pineapple) Fruit Extract, Carica Papaya (Organic Papaya) Fruit Extract, Carica Papaya (Organic Papaya) Leaf Extract, Leucidal (Radish Root Ferment).",1,0,1,1,0,blue_tansy_aha_bha_resurfacing_clarity_mask,herbivore,treatment,herbivore_blue_tansy_aha_bha_resurfacing_clarity_mask,1.0,1000.0,68037.0,4.4648,2.0,Treatments,24.0,0.45,1.47,"Aloe Barbadensis (Organic Aloe) Leaf Juice;Hydroxyethyl Ethylcellulose (Plant Derived);Glycerin;Glyceryl Caprylate;Salix Nigra (Willow) Bark Extract;Tanacetum Annuum (Blue Tansy) Flower Oil;Jasminum Sambac (Jasmine) Flower Water;Ananas Sativus (Organic Pineapple) Fruit Extract;Carica Papaya (Organic Papaya) Fruit Extract;Carica Papaya (Organic Papaya) Leaf Extract;Leucidal (Radish Root Ferment),",1.0,1000.0,68037.0,4.4648,2.0,Treatments,24.0,0.45,1.47,treatment,Very High (26k - 193k)
Treatment,ALGENIST,GENIUS Liquid Collagen,115,4.0,"Collagen, Water, Propanediol, Isononyl Isononanoate, Butylene Glycol, Glycerin, Betaine, Pentylene Glycol, Dextrin Palmitate, Collagen Amino Acids, Parachlorella Beijerinckii Exopolysaccharides, Chlorella Protothecoides Oil, Helichrysum Stoechas Extract, Cylindrotheca Fusiformis Extract, Niacinamide, Tocopherol, Palmitoyl Tripeptide-1, Palmitoyl Tetrapeptide-7, Adenosine, Helianthus Annuus (Sunflower) Seed Oil, Leuconostoc/Radish Root Ferment Filtrate, Caprylic/Capric Triglyceride, Palmitic Acid, Disodium EDTA, Carbomer, Sodium Lactate, Amodimethicone, Homosalate, Polysorbate 20, Butyl Methoxydibenzoylmethane, 1,2-Hexanediol, Caprylyl Glycol, Octocrylene, Sodium Hydroxide, Phenoxyethanol, Fragrance (Parfum), Limonene, Beta-Carotene (CI 75130).",1,1,1,1,1,genius_liquid_collagen,algenist,treatment,algenist_genius_liquid_collagen,0.0,561.0,32818.0,4.0089,1.0,Treatments,115.0,0.71,1.71,"Collagen;Propanediol;Isononyl Isononanoate;Butylene Glycol;Glycerin;Betaine;Pentylene Glycol;Dextrin Palmitate;Collagen Amino Acids;Parachlorella Beijerinckii Exopolysaccharides;Chlorella Protothecoides Oil;Helichrysum Stoechas Extract;Cylindrotheca Fusiformis Extract;Niacinamide;Tocopherol;Palmitoyl Tripeptide-1;Palmitoyl Tetrapeptide-7;Adenosine;Helianthus Annuus (Sunflower) Seed Oil;Leuconostoc/Radish Root Ferment Filtrate;Caprylic/Capric Triglyceride;Palmitic Acid;Disodium EDTA;Carbomer;Sodium Lactate;Amodimethicone;Homosalate;Polysorbate 20;Butyl Methoxydibenzoylmethane;1,2-Hexanediol;Caprylyl Glycol;Octocrylene;Sodium Hydroxide;Phenoxyethanol;Fragrance (Parfum);Limonene;Beta-Carotene (CI 75130),",0.0,561.0,32818.0,4.0089,1.0,Treatments,115.0,0.71,1.71,treatment,Very High (26k - 193k)
Treatment,PEACE OUT,Acne Healing Dots,19,4.3,-Salicylic Acid 0.5%: Dissolves pore congestion and fights acne-causing bacteria. -Vitamin A 0.5%: Promotes skin turnover and prevents clogged pores. -Aloe Vera 0.5%: Calms and cools redness and irritation. -Hydrocolloid Dressing: Extracts impurities while creating a protective barrier that guards again external irritants.,1,1,1,1,1,acne_healing_dots,peace_out,treatment,peace_out_acne_healing_dots,0.0,1000.0,61219.0,4.2638,,Treatments,,0.43,1.63,"-Salicylic Acid 0,5%: Dissolves pore congestion and fights acne-causing bacteria, -Vitamin A 0,5%: Promotes skin turnover and prevents clogged pores, -Aloe Vera 0,5%: Calms and cools redness and irritation, -Hydrocolloid Dressing: Extracts impurities while creating a protective barrier that guards again external irritants,",0.0,1000.0,61219.0,4.2638,,Treatments,,0.43,1.63,treatment,Very High (26k - 193k)
Treatment,PETER THOMAS ROTH,Potent-C™ Power Serum,95,4.3,"Water, Tetrahexyldecyl Ascorbate, Butylene Glycol, C9-12 Alkane, Caprylyl Methicone, Tocopheryl Acetate, C10-18 Triglycerides, Polyglyceryl-6 Distearate, Ferulic Acid, Squalane, Hydrogenated Lecithin, Propanediol, Sodium Hyaluronate, Zingiber Officinale (Ginger) Root Extract, Curcuma Longa (Turmeric) Root Extract, Panax Ginseng Root Extract, Jojoba Esters, Leuconostoc/Radish Root Ferment Filtrate, Coco-Caprylate/Caprate, Glycerin, Cetyl Alcohol, Polyglyceryl-3 Beeswax, Xanthan Gum, Disodium EDTA, Mica, Ethylhexylglycerin, Potassium Sorbate, Sodium Benzoate, Phenoxyethanol.",1,1,1,1,1,potent_c_power_serum,peter_thomas_roth,treatment,peter_thomas_roth_potent_c_power_serum,,,,,,,,,,"Tetrahexyldecyl Ascorbate;Butylene Glycol;C9-12 Alkane;Caprylyl Methicone;Tocopheryl Acetate;C10-18 Triglycerides;Polyglyceryl-6 Distearate;Ferulic Acid;Squalane;Hydrogenated Lecithin;Propanediol;Sodium Hyaluronate;Zingiber Officinale (Ginger) Root Extract;Curcuma Longa (Turmeric) Root Extract;Panax Ginseng Root Extract;Jojoba Esters;Leuconostoc/Radish Root Ferment Filtrate;Coco-Caprylate/Caprate;Glycerin;Cetyl Alcohol;Polyglyceryl-3 Beeswax;Xanthan Gum;Disodium EDTA;Mica;Ethylhexylglycerin;Potassium Sorbate;Sodium Benzoate;Phenoxyethanol,",,,,,,,,,,treatment,nan
Treatment,FIRST AID BEAUTY,Facial Radiance Pads,30,4.3,"Water, Aloe Barbadensis Leaf Juice, Glycerin, Cucumis Sativus Fruit Extract, Lactic Acid, Glycolic Acid, Leuconostoc/Radish Root Ferment Filtrate, Chrysanthemum Parthenium Extract, Sodium Hydroxide, Polysorbate 20, Camellia Sinensis Leaf Extract, Glycyrrhiza Glabra Root Extract, Citrus Nobilis Fruit Extract, Citrus Limon Peel Extract, Hyaluronic Acid, Phyllanthus Emblica Fruit Extract, Edta, Tetrasodium Edta, Phenoxyethanol, Chlorphenesin.",1,1,1,1,1,facial_radiance_pads,first_aid_beauty,treatment,first_aid_beauty_facial_radiance_pads,0.0,1000.0,71226.0,4.2845,,Treatments,,0.43,1.4,"Aloe Barbadensis Leaf Juice;Glycerin;Cucumis Sativus Fruit Extract;Lactic Acid;Glycolic Acid;Leuconostoc/Radish Root Ferment Filtrate;Chrysanthemum Parthenium Extract;Sodium Hydroxide;Polysorbate 20;Camellia Sinensis Leaf Extract;Glycyrrhiza Glabra Root Extract;Citrus Nobilis Fruit Extract;Citrus Limon Peel Extract;Hyaluronic Acid;Phyllanthus Emblica Fruit Extract;Edta;Tetrasodium Edta;Phenoxyethanol;Chlorphenesin,",0.0,1000.0,71226.0,4.2845,,Treatments,,0.43,1.4,treatment,Very High (26k - 193k)
Treatment,DR. DENNIS GROSS SKINCARE,Ferulic Acid + Retinol Brightening Solution,88,4.1,"Water, Ethoxydiglycol, Propylene Glycol, Glycerin, Potassium Azeloyl Diglycinate, Ferulic Acid, Retinol, Glycyrrhiza Glabra (Licorice) Root Extract, Arctostaphylos Uva Ursi Leaf Extract, Arbutin, Morus Nigra Fruit Extract, Salix Alba (Willow) Bark Extract, Salicylic Acid, Glycolic Acid, Mandelic Acid, Hexylresorcinol, Sodium Hyaluronate, Tocopherol, Panthenol, Quercetin, Disodium Lauriminodipropionate Tocopheryl Phosphates, Ubiquinone, Lecithin, Disodium EDTA, PVM/MA Decadiene Crosspolymer, BHT, Urea, Polysorbate 20, Potassium Hydroxide, Phenoxyethanol.",1,1,1,0,1,ferulic_acid_retinol_brightening_solution,dr._dennis_gross_skincare,treatment,dr._dennis_gross_skincare_ferulic_acid_retinol_brightening_solution,0.0,278.0,25129.0,4.1187,1.0,Treatments,88.0,1.48,1.11,"Ethoxydiglycol;Propylene Glycol;Glycerin;Potassium Azeloyl Diglycinate;Ferulic Acid;Retinol;Glycyrrhiza Glabra (Licorice) Root Extract;Arctostaphylos Uva Ursi Leaf Extract;Arbutin;Morus Nigra Fruit Extract;Salix Alba (Willow) Bark Extract;Salicylic Acid;Glycolic Acid;Mandelic Acid;Hexylresorcinol;Sodium Hyaluronate;Tocopherol;Panthenol;Quercetin;Disodium Lauriminodipropionate Tocopheryl Phosphates;Ubiquinone;Lecithin;Disodium EDTA;PVM/MA Decadiene Crosspolymer;BHT;Urea;Polysorbate 20;Potassium Hydroxide;Phenoxyethanol,",0.0,278.0,25129.0,4.1187,1.0,Treatments,88.0,1.48,1.11,treatment,High (13k - 26k)
Treatment,MURAD,Rapid Age Spot and Pigment Lightening Serum,69,3.8,"Water, Alcohol Denat., Glycolic Acid, Butylene Glycol, Glycerin, Methyl Gluceth-10, Dextran, Hexapeptide-2, Rice Amino Acids, Aloe Barbadensis Leaf Juice, Urea, Yeast Amino Acids, Trehalose, Inositol, Taurine, Betaine, Zinc Gluconate, Ascorbic Acid, Chitosan, Propyl Gallate, Nonoxynol-10, Lecithin, Tocopherol, Magnesium Ascorbyl Phosphate, Dipotassium Glycyrrhizate, Palmitoyl Hydroxypropyltrimonium Amylopectin/Glycerin Crosspolymer, Vitis Vinifera (Grape) Seed Extract, Chitosan PCA, Allantoin, Polyquaternium-10, Sodium Metabisulfite, Sodium Sulfite, Sodium Hydroxide, PPG-26-Buteth-26, PEG-40 Hydrogenated Castor Oil, Hydroxyethylcellulose, Disodium EDTA, Limonene, Linalool, Fragrance.",1,1,1,1,0,rapid_age_spot_and_pigment_lightening_serum,murad,treatment,murad_rapid_age_spot_and_pigment_lightening_serum,0.0,1000.0,38729.0,3.8161,1.0,Treatments,72.0,0.38,2.58,"Alcohol Denat,;Glycolic Acid;Butylene Glycol;Glycerin;Methyl Gluceth-10;Dextran;Hexapeptide-2;Rice Amino Acids;Aloe Barbadensis Leaf Juice;Urea;Yeast Amino Acids;Trehalose;Inositol;Taurine;Betaine;Zinc Gluconate;Ascorbic Acid;Chitosan;Propyl Gallate;Nonoxynol-10;Lecithin;Tocopherol;Magnesium Ascorbyl Phosphate;Dipotassium Glycyrrhizate;Palmitoyl Hydroxypropyltrimonium Amylopectin/Glycerin Crosspolymer;Vitis Vinifera (Grape) Seed Extract;Chitosan PCA;Allantoin;Polyquaternium-10;Sodium Metabisulfite;Sodium Sulfite;Sodium Hydroxide;PPG-26-Buteth-26;PEG-40 Hydrogenated Castor Oil;Hydroxyethylcellulose;Disodium EDTA;Limonene;Linalool;Fragrance,",0.0,1000.0,38729.0,3.8161,1.0,Treatments,72.0,0.38,2.58,treatment,Very High (26k - 193k)
Treatment,DRUNK ELEPHANT,D-Bronzi™ Anti-Pollution Sunshine Drops,36,4.5,"Water, Hydrogenated Polyisobutene, Glyceryl Oleate Citrate, Mica, Hydroxyethyl Acrylate/Sodium Acryloyldimethyl Taurate Copolymer, Glycerin, Ribes Nigrum (Black Currant) Seed Oil, Sclerocarya Birrea Seed Oil, Theobroma Cacao (Cocoa) Extract, Caprylic/Capric Triglyceride, Vitis Vinifera (Grape) Seed Extract, Lecithin, Acetyl Tetrapeptide-17, Linoleic Acid, Linolenic Acid, Sorbitan Isostearate, Camellia Sinensis Leaf Extract, Maltodextrin, Sodium Hyaluronate Crosspolymer, Magnolia Officinalis Bark Extract, Glutamylamidoethyl Imidazole, Colloidal Platinum [nano], Tocopherol, Phenoxyethanol, Pentylene Glycol, Sodium Benzoate, Sorbic Acid, Caprylyl Glycol, Boron Nitride, Hexylene Glycol, Polysorbate 60, Ethylhexylglycerin, CI 77491 (Iron Oxides), CI 77492 (Iron Oxides), CI 77499 (Iron Oxides), Sodium C14-16 Olefin Sulfonate.",1,1,1,1,0,d_bronzi_anti_pollution_sunshine_drops,drunk_elephant,treatment,drunk_elephant_d_bronzi_anti_pollution_sunshine_drops,,,,,,,,,,"Hydrogenated Polyisobutene;Glyceryl Oleate Citrate;Mica;Hydroxyethyl Acrylate/Sodium Acryloyldimethyl Taurate Copolymer;Glycerin;Ribes Nigrum (Black Currant) Seed Oil;Sclerocarya Birrea Seed Oil;Theobroma Cacao (Cocoa) Extract;Caprylic/Capric Triglyceride;Vitis Vinifera (Grape) Seed Extract;Lecithin;Acetyl Tetrapeptide-17;Linoleic Acid;Linolenic Acid;Sorbitan Isostearate;Camellia Sinensis Leaf Extract;Maltodextrin;Sodium Hyaluronate Crosspolymer;Magnolia Officinalis Bark Extract;Glutamylamidoethyl Imidazole;Colloidal Platinum [nano];Tocopherol;Phenoxyethanol;Pentylene Glycol;Sodium Benzoate;Sorbic Acid;Caprylyl Glycol;Boron Nitride;Hexylene Glycol;Polysorbate 60;Ethylhexylglycerin;CI 77491 (Iron Oxides);CI 77492 (Iron Oxides);CI 77499 (Iron Oxides);Sodium C14-16 Olefin Sulfonate,",1.0,679.0,45884.0,4.4698,1.0,Treatments,36.0,0.66,1.48,treatment,nan
Treatment,CAUDALIE,Vinosource S.O.S Thirst Quenching Serum,49,4.5,"Water, Vitis Vinifera (Grape) Fruit Water*, Glycerin*, Butylene Glycol*, Ethylhexyl Palmitate*, Polyacrylate Crosspolymer-6, Polymethyl Methacrylate, Dimethicone, Palmitoyl Grape Seed Extract*, Caprylyl Glycol, Parfum (Fragrance), Squalane*, Potassium Sorbate, Vitis Vinifera (Grape) Juice*, Sodium Benzoate, Xanthan Gum, Sorbitan Oleate*, Sodium Carboxymethyl Betaglucan, Citric Acid, Sorbitan Laurate*, Hyaluronic Acid, Sodium Phytate*, Disodium Acetyl Glucosamine Phosphate, Myristyl Malate Phosphonic Acid. *Plant origin.",1,1,1,0,1,vinosource_s.o.s_thirst_quenching_serum,caudalie,treatment,caudalie_vinosource_s.o.s_thirst_quenching_serum,1.0,700.0,34118.0,4.4914,1.0,Treatments,49.0,0.64,2.05,"Vitis Vinifera (Grape) Fruit Water*;Glycerin*;Butylene Glycol*;Ethylhexyl Palmitate*;Polyacrylate Crosspolymer-6;Polymethyl Methacrylate;Dimethicone;Palmitoyl Grape Seed Extract*;Caprylyl Glycol;Parfum (Fragrance);Squalane*;Potassium Sorbate;Vitis Vinifera (Grape) Juice*;Sodium Benzoate;Xanthan Gum;Sorbitan Oleate*;Sodium Carboxymethyl Betaglucan;Citric Acid;Sorbitan Laurate*;Hyaluronic Acid;Sodium Phytate*;Disodium Acetyl Glucosamine Phosphate;Myristyl Malate Phosphonic Acid, *Plant origin,",1.0,700.0,34118.0,4.4914,1.0,Treatments,49.0,0.64,2.05,treatment,Very High (26k - 193k)
Treatment,CAUDALIE,Vinoperfect Glycolic Brightening Essence,42,4.4,"Water, Vitis Vinifera (Grape) Fruit Water*, Citrus Aurantium Amara (Bitter Orange) Flower Water*, Glycerin*, Methylpropanediol, Glycolic Acid, Sodium Hydroxide, Vitis Vinifera (Grape) Juice*, Caprylyl Glycol, Citric Acid*, Arginine, Sodium Benzoate, Paeonia Lactiflora Root Extract*, Phenylpropanol, Potassium Sorbate, Sodium Phytate*, Linalool, Limonene.",1,1,1,1,1,vinoperfect_glycolic_brightening_essence,caudalie,treatment,caudalie_vinoperfect_glycolic_brightening_essence,1.0,305.0,34715.0,4.377,5.0,Treatments,9.8,1.44,0.88,"Vitis Vinifera (Grape) Fruit Water*;Citrus Aurantium Amara (Bitter Orange) Flower Water*;Glycerin*;Methylpropanediol;Glycolic Acid;Sodium Hydroxide;Vitis Vinifera (Grape) Juice*;Caprylyl Glycol;Citric Acid*;Arginine;Sodium Benzoate;Paeonia Lactiflora Root Extract*;Phenylpropanol;Potassium Sorbate;Sodium Phytate*;Linalool;Limonene,",1.0,305.0,34715.0,4.377,5.0,Treatments,9.8,1.44,0.88,treatment,Very High (26k - 193k)
Treatment,ESTÉE LAUDER,Perfectionist CP+R Wrinkle Lifting/Firming Serum,98,4.3,"Perfectionist Cp+R Division: El (Estee Lauder)Ingredients: Dimethicone , Water , Polysilicone-11 , Hdi/Trimethylol Hexyllactone Crosspolymer , Silica , Butylene Glycol , Caprylyl Methicone , Sigesbeckia Orientalis (St. Paul'S Wort) Extract , Salvia Sclarea (Clary) Extract , Coleus Forskohlii Root Extract , Chamomilla Recutita (Matricaria) Flower Extract , Peg-10 Dimethicone , Hydrolyzed Fish (Pisces) Collagen , Palmaria Palmata Extract , Glycyrrhiza Glabra (Licorice) Root Extract , Silybum Marianum (Lady'S Thistle) Extract , Hordeum Vulgare (Barley) Extract/Extrait D'Orge , Padina Pavonica Thallus Extract , Artemia Extract , Pantethine , Algae Extract , Chlorella Vulgaris Extract , Cholesterol , Squalane , Boswellia Serrata Extract , Zea Mays (Corn) Kernel Extract , Glycine Soja (Soybean) Protein , Caffeine , Whey Protein/Lactis Protein/Proteine Du Petit-Lait , Linoleic Acid , Lecithin , Fish (Pisces) Collagen , Acetyl Hexapeptide-8 , Palmitoyl Oligopeptide , Glycerin , Yeast Extract/Faex/Extrait De Levure , Polyquaternium-51 , Phytosphingosine , Triticum Vulgare (Wheat) Germ Oil , Decarboxy Carnosine Hcl , Polysorbate 40 , Pentylene Glycol , Propanediol , Lauryl Peg-9 Polydimethylsiloxyethyl Dimethicone , Ethylhexylglycerin , Ammonium Acryloyldimethyltaurate/Vp Copolymer , Sodium Pca , Polymethylsilsesquioxane , Glyceryl Polymethacrylate , Zinc Pca , Propylene Glycol Dicaprate , Sodium Chondroitin Sulfate , Sodium Hyaluronate , Isohexadecane , Peg-8 , Tocopheryl Acetate , Polysorbate 80 , Disodium Distyrylbiphenyl Disulfonate , Laureth-12 , Acrylamide/Sodium Acryloyldimethyltaurate Copolymer , Caprylyl Glycol , Aminopropyl Ascorbyl Phosphate , Xanthan Gum , Sodium Beta-Sitosteryl Sulfate , Sodium Chloride , Sodium Hydroxide , Fragrance , Disodium Edta , Bht , Phenoxyethanol , Mica , Titanium Dioxide (Ci 77891)",0,0,0,0,0,perfectionist_cp_r_wrinkle_lifting_firming_serum,estée_lauder,treatment,estée_lauder_perfectionist_cp_r_wrinkle_lifting_firming_serum,,,,,,,,,,"Perfectionist Cp+R Division: El (Estee Lauder)Ingredients: Dimethicone;Polysilicone-11;Hdi/Trimethylol Hexyllactone Crosspolymer;Silica;Butylene Glycol;Caprylyl Methicone;Sigesbeckia Orientalis (St, Paul'S Wort) Extract;Salvia Sclarea (Clary) Extract;Coleus Forskohlii Root Extract;Chamomilla Recutita (Matricaria) Flower Extract;Peg-10 Dimethicone;Hydrolyzed Fish (Pisces) Collagen;Palmaria Palmata Extract;Glycyrrhiza Glabra (Licorice) Root Extract;Silybum Marianum (Lady'S Thistle) Extract;Hordeum Vulgare (Barley) Extract/Extrait D'Orge;Padina Pavonica Thallus Extract;Artemia Extract;Pantethine;Algae Extract;Chlorella Vulgaris Extract;Cholesterol;Squalane;Boswellia Serrata Extract;Zea Mays (Corn) Kernel Extract;Glycine Soja (Soybean) Protein;Caffeine;Whey Protein/Lactis Protein/Proteine Du Petit-Lait;Linoleic Acid;Lecithin;Fish (Pisces) Collagen;Acetyl Hexapeptide-8;Palmitoyl Oligopeptide;Glycerin;Yeast Extract/Faex/Extrait De Levure;Polyquaternium-51;Phytosphingosine;Triticum Vulgare (Wheat) Germ Oil;Decarboxy Carnosine Hcl;Polysorbate 40;Pentylene Glycol;Propanediol;Lauryl Peg-9 Polydimethylsiloxyethyl Dimethicone;Ethylhexylglycerin;Ammonium Acryloyldimethyltaurate/Vp Copolymer;Sodium Pca;Polymethylsilsesquioxane;Glyceryl Polymethacrylate;Zinc Pca;Propylene Glycol Dicaprate;Sodium Chondroitin Sulfate;Sodium Hyaluronate;Isohexadecane;Peg-8;Tocopheryl Acetate;Polysorbate 80;Disodium Distyrylbiphenyl Disulfonate;Laureth-12;Acrylamide/Sodium Acryloyldimethyltaurate Copolymer;Caprylyl Glycol;Aminopropyl Ascorbyl Phosphate;Xanthan Gum;Sodium Beta-Sitosteryl Sulfate;Sodium Chloride;Sodium Hydroxide;Fragrance;Disodium Edta;Bht;Phenoxyethanol;Mica;Titanium Dioxide (Ci 77891)",0.0,70.0,11193.0,4.2714,1.7,Treatments,57.65,6.1,0.63,treatment,nan
Treatment,LA MER,The Revitalizing Hydrating Serum,205,4.2,"Declustered Water (-)/Aqua/Eau De-Structuree (-), Declustered Water (+)/Aqua/Eau De-Structuree (+), Butylene Glycol, Glycerin, Algae (Seaweed) Extract, Bis-Peg-12 Dimethicone, Hydrogenated Lecithin, Caprylic/Capric Triglyceride, Sucrose, Limnanthes Alba (Meadowfoam) Seed Oil, Sesamum Indicum (Sesame) Seed Oil, Medicago Sativa (Alfalfa) Seed Powder, Helianthus Annuus (Sunflower) Seedcake, Prunus Amygdalus Dulcis (Sweet Almond) Seed Meal, Eucalyptus Globulus (Eucalyptus) Leaf Oil, Sodium Gluconate, Copper Gluconate, Calcium Gluconate, Magnesium Gluconate, Zinc Gluconate, Tocopheryl Succinate, Niacin, Sesamum Indicum (Sesame) Seed Powder, Citrus Aurantifolia (Lime) Peel Extract, Commiphora Mukul Resin Extract, Codium Tomentosum Extract, Polygonum Cuspidatum Root Extract, Vitis Vinifera (Grape) Seed Extract, Humulus Lupulus (Hops) Extract, Citrus Reticulata (Tangerine) Peel Extract, Asparagopsis Armata Extract, Salicornia Herbacea Extract, Alcaligenes Polysaccharides, Glucose, Porphyridium Cruentum Extract, Sigesbeckia Orientalis (St. Paul'S Wort) Extract, Squalane, Cholesterol, Caffeine, Undaria Pinnatifida Extract, Ascophyllum Nodosum Extract, Laminaria Digitata Extract, Sea Salt/Maris Sal/Sel Marin, Castanea Sativa (Chestnut) Seed Extract, Plankton Extract, Glycine Soja (Soybean) Seed Extract, Acetyl Hexapeptide-8, Trehalose, Lactoperoxidase, Dimethicone, Lecithin, Dipotassium Glycyrrhizate, Glycine Soja (Soybean) Protein, Rosmarinus Officinalis (Rosemary) Leaf Extract, Punica Granatum (Pomegranate) Fruit Juice, Glucose Oxidase, Linolenic Acid, Hydrolyzed Rice Extract, Laminaria Saccharina Extract, Yeast Extract/Faex/Extrait De Levure, Acetyl Glucosamine, Bisabolol, Glycosaminoglycans, Ethylhexylglycerin, Sodium Pca, Tourmaline, Linoleic Acid, Sorbitol, Urea, Tocopheryl Acetate, Pentylene Glycol, Sodium Hyaluronate, Polyquaternium-51, Ethylbisiminomethylguaiacol Manganese Chloride, Hydroxypropyl Cyclodextrin, Magnesium Ascorbyl Phosphate, Nordihydroguaiaretic Acid, Sodium Hydroxide, Alcohol Denat., Carbomer, Xanthan Gum, Potassium Sorbate, Fragrance, Disodium Edta, Bht, Phenoxyethanol, Amyl Cinnamal, Hexyl Cinnamal, Benzyl Benzoate, Citronellol, Limonene, Coumarin, Linalool, Blue 1 (Ci 42090), Red 4 (Ci 14700)",1,1,1,1,1,the_revitalizing_hydrating_serum,la_mer,treatment,la_mer_the_revitalizing_hydrating_serum,0.0,14.0,4458.0,4.2143,1.0,Treatments,205.0,30.1,0.31,"Declustered Water (-)/Aqua/Eau De-Structuree (-);Declustered Water (+)/Aqua/Eau De-Structuree (+);Butylene Glycol;Glycerin;Algae (Seaweed) Extract;Bis-Peg-12 Dimethicone;Hydrogenated Lecithin;Caprylic/Capric Triglyceride;Sucrose;Limnanthes Alba (Meadowfoam) Seed Oil;Sesamum Indicum (Sesame) Seed Oil;Medicago Sativa (Alfalfa) Seed Powder;Helianthus Annuus (Sunflower) Seedcake;Prunus Amygdalus Dulcis (Sweet Almond) Seed Meal;Eucalyptus Globulus (Eucalyptus) Leaf Oil;Sodium Gluconate;Copper Gluconate;Calcium Gluconate;Magnesium Gluconate;Zinc Gluconate;Tocopheryl Succinate;Niacin;Sesamum Indicum (Sesame) Seed Powder;Citrus Aurantifolia (Lime) Peel Extract;Commiphora Mukul Resin Extract;Codium Tomentosum Extract;Polygonum Cuspidatum Root Extract;Vitis Vinifera (Grape) Seed Extract;Humulus Lupulus (Hops) Extract;Citrus Reticulata (Tangerine) Peel Extract;Asparagopsis Armata Extract;Salicornia Herbacea Extract;Alcaligenes Polysaccharides;Glucose;Porphyridium Cruentum Extract;Sigesbeckia Orientalis (St, Paul'S Wort) Extract;Squalane;Cholesterol;Caffeine;Undaria Pinnatifida Extract;Ascophyllum Nodosum Extract;Laminaria Digitata Extract;Sea Salt/Maris Sal/Sel Marin;Castanea Sativa (Chestnut) Seed Extract;Plankton Extract;Glycine Soja (Soybean) Seed Extract;Acetyl Hexapeptide-8;Trehalose;Lactoperoxidase;Dimethicone;Lecithin;Dipotassium Glycyrrhizate;Glycine Soja (Soybean) Protein;Rosmarinus Officinalis (Rosemary) Leaf Extract;Punica Granatum (Pomegranate) Fruit Juice;Glucose Oxidase;Linolenic Acid;Hydrolyzed Rice Extract;Laminaria Saccharina Extract;Yeast Extract/Faex/Extrait De Levure;Acetyl Glucosamine;Bisabolol;Glycosaminoglycans;Ethylhexylglycerin;Sodium Pca;Tourmaline;Linoleic Acid;Sorbitol;Urea;Tocopheryl Acetate;Pentylene Glycol;Sodium Hyaluronate;Polyquaternium-51;Ethylbisiminomethylguaiacol Manganese Chloride;Hydroxypropyl Cyclodextrin;Magnesium Ascorbyl Phosphate;Nordihydroguaiaretic Acid;Sodium Hydroxide;Alcohol Denat,;Carbomer;Xanthan Gum;Potassium Sorbate;Fragrance;Disodium Edta;Bht;Phenoxyethanol;Amyl Cinnamal;Hexyl Cinnamal;Benzyl Benzoate;Citronellol;Limonene;Coumarin;Linalool;Blue 1 (Ci 42090);Red 4 (Ci 14700)",0.0,14.0,4458.0,4.2143,1.0,Treatments,205.0,30.1,0.31,treatment,Low (3k - 7k)
Treatment,DR. JART+,Cicapair™ Tiger Grass Re.Pair Serum,46,4.2,"Water, Glycerin, Propanediol, Butylene Glycol, Niacinamide, 1,2-Hexanediol, Dimethicone, Dimethicone/Vinyl Dimethicone Crosspolymer, Carbomer, Tromethamine, Artemisia Princeps Leaf Extract, Hydroxyacetophenone, Cyclopentasiloxane, Melia Azadirachta Leaf Extract, Cyclohexasiloxane, Ethylhexylglycerin, Glyceryl Polyacrylate, Octyldodecanol, Adenosine, Melia Azadirachta Flower Extract, Disodium EDTA, heobroma Cacao (Cocoa) Extract, Dextrin, Lavandula Angustifolia (Lavender) Oil, Polyglutamic Acid, Lecithin, Citrus Grandis (Grapefruit) Peel Oil, Phenoxyethanol, Rosmarinus Officinalis (Rosemary) Leaf Oil, Anthemis obilis Flower Oil, Madecassoside, Aniba Rosaeodora (Rosewood) Wood Oil, Centella Asiatica Leaf Water, Houttuynia Cordata Extract, Asiatic Acid, Asiaticoside, Alcohol, Madecassic Acid, Centella Asiatica Meristem Cell Culture, PEG-8, Caprylyl Glycol, PPG-1-PEG-9 Lauryl Glycol Ether, Helianthus Annuus (Sunflower) Seed Extract, Gentiana Lutea Root Extract, Achillea Millefolium Extract, Arnica Montana Flower Extract, Artemisia Absinthium Extract, Hedera Helix (Ivy) Leaf/Stem Extract, Sodium Glycerophosphate, Phytic Acid, Centella Asiatica Extract, Selaginella Lepidophylla Extract, Potassium Magnesium Aspartate, Citric Acid, Sodium Polyacrylate, Calcium Gluconate, Magnesium Gluconate, Potassium Sorbate, Xanthan Gum, Sodium Benzoate, Polysorbate 20.",1,1,1,1,1,cicapair_tiger_grass_re.pair_serum,dr._jart,treatment,dr._jart_cicapair_tiger_grass_re.pair_serum,,,,,,,,,,"Glycerin;Propanediol;Butylene Glycol;Niacinamide;1,2-Hexanediol;Dimethicone;Dimethicone/Vinyl Dimethicone Crosspolymer;Carbomer;Tromethamine;Artemisia Princeps Leaf Extract;Hydroxyacetophenone;Cyclopentasiloxane;Melia Azadirachta Leaf Extract;Cyclohexasiloxane;Ethylhexylglycerin;Glyceryl Polyacrylate;Octyldodecanol;Adenosine;Melia Azadirachta Flower Extract;Disodium EDTA;heobroma Cacao (Cocoa) Extract;Dextrin;Lavandula Angustifolia (Lavender) Oil;Polyglutamic Acid;Lecithin;Citrus Grandis (Grapefruit) Peel Oil;Phenoxyethanol;Rosmarinus Officinalis (Rosemary) Leaf Oil;Anthemis obilis Flower Oil;Madecassoside;Aniba Rosaeodora (Rosewood) Wood Oil;Centella Asiatica Leaf Water;Houttuynia Cordata Extract;Asiatic Acid;Asiaticoside;Alcohol;Madecassic Acid;Centella Asiatica Meristem Cell Culture;PEG-8;Caprylyl Glycol;PPG-1-PEG-9 Lauryl Glycol Ether;Helianthus Annuus (Sunflower) Seed Extract;Gentiana Lutea Root Extract;Achillea Millefolium Extract;Arnica Montana Flower Extract;Artemisia Absinthium Extract;Hedera Helix (Ivy) Leaf/Stem Extract;Sodium Glycerophosphate;Phytic Acid;Centella Asiatica Extract;Selaginella Lepidophylla Extract;Potassium Magnesium Aspartate;Citric Acid;Sodium Polyacrylate;Calcium Gluconate;Magnesium Gluconate;Potassium Sorbate;Xanthan Gum;Sodium Benzoate;Polysorbate 20,",0.0,366.0,29594.0,4.2186,1.0,,46.0,1.15,1.24,treatment,nan
Treatment,KATE SOMERVILLE,EradiKate™ Acne Treatment,26,4.3,"Isopropyl Alcohol, Water, Camphor, Magnesium Aluminum Silicate, Salicylic Acid, Iron Oxides (CI 77489, CI 77491, CI 77492, CI 77499), Zinc Oxide (CI 77947).",1,1,1,1,0,eradikate_acne_treatment,kate_somerville,treatment,kate_somerville_eradikate_acne_treatment,,,,,,,,,,"Isopropyl Alcohol;Camphor;Magnesium Aluminum Silicate;Salicylic Acid;Iron Oxides (CI 77489;CI 77491;CI 77492;CI 77499);Zinc Oxide (CI 77947),",0.0,2000.0,70140.0,4.2727,1.0,,26.0,0.21,2.85,treatment,nan
Treatment,PETER THOMAS ROTH,Professional 3% Retinoid Plus,82,4.6,"Cyclopentasiloxane, Isononyl Isononanoate, Dimethyl Isosorbide, Dimethiconol, Hydroxypinacolone Retinoate, Ceramide AP, Ceramide EOP, Ceramide EOS, Ceramide NS, Ceramide NP, Sodium Hyaluronate, Sodium PCA, Glycerin, Tocopherol, Ascorbyl Palmitate, Caprooyl Phytosphingosine, Caprooyl Sphingosine, Hydroxyphenyl Propamidobenzoic Acid, Ethylhexylglycerin, Ethylhexyl Hydroxystearate, Cholesterol, Water, Pentylene Glycol, Butylene Glycol, Behenic Acid, Hydroxystearic Acid, Ceteareth-25, Polysilicone-11, 4-t-Butylcyclohexanol, Cetyl Alcohol, Phenoxyethanol.",1,1,1,1,0,professional_3_retinoid_plus,peter_thomas_roth,treatment,peter_thomas_roth_professional_3_retinoid_plus,0.0,174.0,21506.0,4.6034,1.0,Treatments,82.0,2.65,0.81,"Cyclopentasiloxane;Isononyl Isononanoate;Dimethyl Isosorbide;Dimethiconol;Hydroxypinacolone Retinoate;Ceramide AP;Ceramide EOP;Ceramide EOS;Ceramide NS;Ceramide NP;Sodium Hyaluronate;Sodium PCA;Glycerin;Tocopherol;Ascorbyl Palmitate;Caprooyl Phytosphingosine;Caprooyl Sphingosine;Hydroxyphenyl Propamidobenzoic Acid;Ethylhexylglycerin;Ethylhexyl Hydroxystearate;Cholesterol;Pentylene Glycol;Butylene Glycol;Behenic Acid;Hydroxystearic Acid;Ceteareth-25;Polysilicone-11;4-t-Butylcyclohexanol;Cetyl Alcohol;Phenoxyethanol,",0.0,174.0,21506.0,4.6034,1.0,Treatments,82.0,2.65,0.81,treatment,High (13k - 26k)
Treatment,DIOR,Capture Youth Collection,95,4.3,Visit the Dior boutique,1,1,1,1,1,capture_youth_collection,dior,treatment,dior_capture_youth_collection,,,,,,,,,,Visit the Dior boutique,0.0,73.0,19927.0,4.274,1.0,Treatments,95.0,5.85,0.37,treatment,nan
Treatment,BIOEFFECT,EGF Serum,160,5.0,"Glycerin, Water, Sodium Hyaluronate, Tromethamine, Sodium Chloride, Hordeum Vulgare Seed Extract, EGF (Barley Sh-Oligopeptide-1).",1,1,1,1,1,egf_serum,bioeffect,treatment,bioeffect_egf_serum,0.0,541.0,3059.0,4.4713,,Treatments,,0.83,17.69,"Glycerin;Sodium Hyaluronate;Tromethamine;Sodium Chloride;Hordeum Vulgare Seed Extract;EGF (Barley Sh-Oligopeptide-1),",0.0,541.0,3059.0,4.4713,,Treatments,,0.83,17.69,treatment,Very Low (0 - 3k)
Treatment,LA MER,The Treatment Lotion,150,4.4,"Declustered Water (+)/Aqua/Eau De-Structuree (+), Declustered Water (-)/Aqua/Eau De-Structuree (-), Algae (Seaweed) Extract, Glycerin, Methyl Gluceth-20, Bis-Peg-18 Methyl Ether Dimethyl Silane, Yeast Extract/Faex/Extrait De Levure, Sucrose, Glycereth-26, Sesamum Indicum (Sesame) Seed Oil, Medicago Sativa (Alfalfa) Seed Powder, Helianthus Annuus (Sunflower) Seedcake, Prunus Amygdalus Dulcis (Sweet Almond) Seed Meal, Eucalyptus Globulus (Eucalyptus) Leaf Oil, Sodium Gluconate, Copper Gluconate, Calcium Gluconate, Magnesium Gluconate, Zinc Gluconate, Tocopheryl Succinate, Niacin, Sesamum Indicum (Sesame) Seed Powder, Citrus Aurantifolia (Lime) Peel Extract, Glycine Soja (Soybean) Seed Extract, Laminaria Digitata Extract, Palmaria Palmata Extract, Codium Tomentosum Extract, Laminaria Saccharina Extract, Sea Salt/Maris Sal/Sel Marin, Plankton Extract, Caffeine, Polyquaternium-51, Lecithin, Butylene Glycol, Dipotassium Glycyrrhizate, Glycine Soja (Soybean) Protein, Tourmaline, Acetyl Hexapeptide-8, Glycosaminoglycans, Peg-8, Sodium Hyaluronate, Alcaligenes Polysaccharides, Sodium Pca, Urea, Ppg-5-Ceteth-20, Jojoba Wax Peg-120 Esters, Polysorbate 20, Hexylene Glycol, Pentylene Glycol, Potassium Sorbate, Trehalose, Caprylyl Glycol, Hydroxypropyl Cyclodextrin, Fragrance, Disodium Edta, Limonene, Geraniol, Linalool, Hydroxycitronellal, Citronellol, Phenoxyethanol",1,1,1,1,1,the_treatment_lotion,la_mer,treatment,la_mer_the_treatment_lotion,0.0,77.0,16514.0,4.3247,5.0,Treatments,30.0,5.62,0.47,Declustered Water (+)/Aqua/Eau De-Structuree (+);Declustered Water (-)/Aqua/Eau De-Structuree (-);Algae (Seaweed) Extract;Glycerin;Methyl Gluceth-20;Bis-Peg-18 Methyl Ether Dimethyl Silane;Yeast Extract/Faex/Extrait De Levure;Sucrose;Glycereth-26;Sesamum Indicum (Sesame) Seed Oil;Medicago Sativa (Alfalfa) Seed Powder;Helianthus Annuus (Sunflower) Seedcake;Prunus Amygdalus Dulcis (Sweet Almond) Seed Meal;Eucalyptus Globulus (Eucalyptus) Leaf Oil;Sodium Gluconate;Copper Gluconate;Calcium Gluconate;Magnesium Gluconate;Zinc Gluconate;Tocopheryl Succinate;Niacin;Sesamum Indicum (Sesame) Seed Powder;Citrus Aurantifolia (Lime) Peel Extract;Glycine Soja (Soybean) Seed Extract;Laminaria Digitata Extract;Palmaria Palmata Extract;Codium Tomentosum Extract;Laminaria Saccharina Extract;Sea Salt/Maris Sal/Sel Marin;Plankton Extract;Caffeine;Polyquaternium-51;Lecithin;Butylene Glycol;Dipotassium Glycyrrhizate;Glycine Soja (Soybean) Protein;Tourmaline;Acetyl Hexapeptide-8;Glycosaminoglycans;Peg-8;Sodium Hyaluronate;Alcaligenes Polysaccharides;Sodium Pca;Urea;Ppg-5-Ceteth-20;Jojoba Wax Peg-120 Esters;Polysorbate 20;Hexylene Glycol;Pentylene Glycol;Potassium Sorbate;Trehalose;Caprylyl Glycol;Hydroxypropyl Cyclodextrin;Fragrance;Disodium Edta;Limonene;Geraniol;Linalool;Hydroxycitronellal;Citronellol;Phenoxyethanol,0.0,77.0,16514.0,4.3247,5.0,Treatments,30.0,5.62,0.47,treatment,High (13k - 26k)
Treatment,PETER THOMAS ROTH,Max Complexion Correction Pads,40,4.4,"Alcohol Denat., Allantoin, Aloe Barbadensis Leaf Juice, Amyl Cinnamal, Arginine, Benzoic Acid, Butylene Glycol, Butylparaben, Butylphenyl Methylpropional, Camellia Sinensis Leaf Extract, Chamomilla Recutita (Matricaria) Flower Extract, Citric Acid, Citronellol, Ethylparaben, Fragrance, Geraniol, Glycolic Acid, Hamamelis Virginiana (Witch Hazel) Water, Isobutylparaben, Limonene, Linalool, Methylparaben, Phenoxyethanol, Potassium Sorbate, Propylparaben, Prunus Persica (Peach) Fruit Extract, Sodium Benzoate, Symphytum Officinale Root Extract, Triethanolamine, Water.",1,0,1,1,0,max_complexion_correction_pads,peter_thomas_roth,treatment,peter_thomas_roth_max_complexion_correction_pads,0.0,1000.0,41424.0,4.4318,,Treatments,,0.44,2.41,"Alcohol Denat,;Allantoin;Aloe Barbadensis Leaf Juice;Amyl Cinnamal;Arginine;Benzoic Acid;Butylene Glycol;Butylparaben;Butylphenyl Methylpropional;Camellia Sinensis Leaf Extract;Chamomilla Recutita (Matricaria) Flower Extract;Citric Acid;Citronellol;Ethylparaben;Fragrance;Geraniol;Glycolic Acid;Hamamelis Virginiana (Witch Hazel) Water;Isobutylparaben;Limonene;Linalool;Methylparaben;Phenoxyethanol;Potassium Sorbate;Propylparaben;Prunus Persica (Peach) Fruit Extract;Sodium Benzoate;Symphytum Officinale Root Extract;Triethanolamine;Water,",0.0,1000.0,41424.0,4.4318,,Treatments,,0.44,2.41,treatment,Very High (26k - 193k)
Treatment,OLEHENRIKSEN,Glow Cycle Retin-ALT Power Serum,58,4.4,"Water, Propanediol, Glycerin, Squalane, Glycereth-26, Glyceryl Polyacrylate, Mica, Cetearyl Alcohol, Bakuchiol, Polyacrylate Crosspolymer-6, Dimethicone, Polyglyceryl-10 Laurate, Aminomethyl Propanol, Hydrolyzed Jojoba Esters, Phenoxyethanol, Hydroxyacetophenone, Parfum/Fragrance, Ceteareth-20, Glycolic Acid, Lactic Acid, Leontopodium Alpinum Callus Culture Extract, Caesalpinia Spinosa Fruit Extract, Cellulose Gum, Hibiscus Sabdariffa Flower Extract, Kappaphycus Alvarezii Extract, Silica, Glycyrrhiza Glabra (Licorice) Root Extract, Citrus Limon (Lemon) Fruit Extract, Saccharum Officinarum (Sugar Cane) Extract, Chamomilla Recutita (Matricaria) Flower Extract, Santalum Album (Sandalwood) Extract, Trisodium Ethylenediamine Disuccinate, Leuconostoc/Radish Root Ferment Filtrate, Xanthan Gum, Ethylhexylglycerin, Citric Acid, Limonene, Linalool, Citral, Titanium Dioxide (Ci 77891), Violet 2 (Ci 60730), Red 4 (Ci 14700).",1,1,1,1,0,glow_cycle_retin_alt_power_serum,olehenriksen,treatment,olehenriksen_glow_cycle_retin_alt_power_serum,0.0,1000.0,24627.0,4.3839,1.0,Treatments,58.0,0.44,4.06,"Propanediol;Glycerin;Squalane;Glycereth-26;Glyceryl Polyacrylate;Mica;Cetearyl Alcohol;Bakuchiol;Polyacrylate Crosspolymer-6;Dimethicone;Polyglyceryl-10 Laurate;Aminomethyl Propanol;Hydrolyzed Jojoba Esters;Phenoxyethanol;Hydroxyacetophenone;Parfum/Fragrance;Ceteareth-20;Glycolic Acid;Lactic Acid;Leontopodium Alpinum Callus Culture Extract;Caesalpinia Spinosa Fruit Extract;Cellulose Gum;Hibiscus Sabdariffa Flower Extract;Kappaphycus Alvarezii Extract;Silica;Glycyrrhiza Glabra (Licorice) Root Extract;Citrus Limon (Lemon) Fruit Extract;Saccharum Officinarum (Sugar Cane) Extract;Chamomilla Recutita (Matricaria) Flower Extract;Santalum Album (Sandalwood) Extract;Trisodium Ethylenediamine Disuccinate;Leuconostoc/Radish Root Ferment Filtrate;Xanthan Gum;Ethylhexylglycerin;Citric Acid;Limonene;Linalool;Citral;Titanium Dioxide (Ci 77891);Violet 2 (Ci 60730);Red 4 (Ci 14700),",0.0,1000.0,24627.0,4.3839,1.0,Treatments,58.0,0.44,4.06,treatment,High (13k - 26k)
Treatment,ORIGINS,Mega-Mushroom Relief & Resilience Soothing Treatment Lotion Limited Edition,34,4.5,"Water, Butylene Glycol, PEG-4 , Citrus Aurantium Dulcis (Orange) Oil**, Lavandula Angustifolia (Lavender) Oil**, Pogostemon Cablin (Patchouli) Oil**, Citrus Nobilis (Mandarin Orange) Peel Oil**, Pelargonium Graveolens Flower Oil**, Boswellia Carterii (Olibanum) Oil***, Limonene, Linalool, Citronellol, Geraniol, Ganoderma Lucidum (Reishi Mushroom) Extract, Fuscoporia Obliqua Sclerotium Extract, Cordyceps Sinensis (Mushroom) Extract, Ergothioneine, Camelina Sativa Seed Oil, Lactobacillus Ferment, Hippophae Rhamnoides Extract*, Zingiber Officinale (Ginger) Root Extract*, Curcuma Longa (Turmeric) Root Extract*, Ocimum Sanctum (Holy Basil) Leaf Extract, Helianthus Annuus (Sunflower) Seed Oil*, Silybum Marianum Fruit Extract, Saccharomyces Lysate Extract, Centella Asiatica (Hydrocotyl) Extract, Hypnea Musciformis (Algae) Extract, Caffeine, Sucrose* , Salvia Sclarea (Clary) Extract, Saccharomyces Ferment Filtrate, PEG-40 Hydrogenated Castor Oil, Gellidiella Acerosa Extract, Trideceth-9 , Glycerin, Glycereth-26, Polysorbate 20, Sodium Hyaluronate, Tocopheryl Acetate, Maltodextrin, Pentylene Glycol, Sodium Hydroxide, Citric Acid, Potassium Sorbate, Phenoxyethanol.",1,1,1,1,1,mega_mushroom_relief_resilience_soothing_treatment_lotion_limited_edition,origins,treatment,origins_mega_mushroom_relief_resilience_soothing_treatment_lotion_limited_edition,,,,,,,,,,"Butylene Glycol;PEG-4;Citrus Aurantium Dulcis (Orange) Oil**;Lavandula Angustifolia (Lavender) Oil**;Pogostemon Cablin (Patchouli) Oil**;Citrus Nobilis (Mandarin Orange) Peel Oil**;Pelargonium Graveolens Flower Oil**;Boswellia Carterii (Olibanum) Oil***;Limonene;Linalool;Citronellol;Geraniol;Ganoderma Lucidum (Reishi Mushroom) Extract;Fuscoporia Obliqua Sclerotium Extract;Cordyceps Sinensis (Mushroom) Extract;Ergothioneine;Camelina Sativa Seed Oil;Lactobacillus Ferment;Hippophae Rhamnoides Extract*;Zingiber Officinale (Ginger) Root Extract*;Curcuma Longa (Turmeric) Root Extract*;Ocimum Sanctum (Holy Basil) Leaf Extract;Helianthus Annuus (Sunflower) Seed Oil*;Silybum Marianum Fruit Extract;Saccharomyces Lysate Extract;Centella Asiatica (Hydrocotyl) Extract;Hypnea Musciformis (Algae) Extract;Caffeine;Sucrose*;Salvia Sclarea (Clary) Extract;Saccharomyces Ferment Filtrate;PEG-40 Hydrogenated Castor Oil;Gellidiella Acerosa Extract;Trideceth-9;Glycerin;Glycereth-26;Polysorbate 20;Sodium Hyaluronate;Tocopheryl Acetate;Maltodextrin;Pentylene Glycol;Sodium Hydroxide;Citric Acid;Potassium Sorbate;Phenoxyethanol,",,,,,,,,,,treatment,nan
Treatment,BECCA,Backlight Priming Filter Face Primer,38,4.2,"Water, Ethylhexyl Palmitate, Glycerin, Caprylic/Capric Triglyceride, Mica, Titanium Dioxide (CI 77891), Tocopheryl Acetate, Glycyrrhiza Glabra (Licorice) Extract, Panthenol, Silica, Carbomer, Ethylhexylglycerin, Disodium EDTA, Sodium Hydroxide, Phenoxyethanol, Fragrance, Iron Oxides (CI 77491).",1,1,1,1,1,backlight_priming_filter_face_primer,becca,treatment,becca_backlight_priming_filter_face_primer,0.0,1000.0,73423.0,4.2496,1.0,Treatments,39.0,0.42,1.36,"Ethylhexyl Palmitate;Glycerin;Caprylic/Capric Triglyceride;Mica;Titanium Dioxide (CI 77891);Tocopheryl Acetate;Glycyrrhiza Glabra (Licorice) Extract;Panthenol;Silica;Carbomer;Ethylhexylglycerin;Disodium EDTA;Sodium Hydroxide;Phenoxyethanol;Fragrance;Iron Oxides (CI 77491),",0.0,1000.0,73423.0,4.2496,1.0,Treatments,39.0,0.42,1.36,treatment,Very High (26k - 193k)
Treatment,GLAMGLOW,GRAVITYMUD™ Firming Treatment,59,4.0,"Water, Polyvinyl Alcohol, Alcohol Denat., Butylene Glycol, Glycerin, Ethylhexyl Hydroxystearate, Hamamelis Virginiana (Witch Hazel) Water, Montmorillonite, Pentylene Glycol, Illite, Polysorbate 20, Canadian Colloidal Clay, Caprylyl Glycol, Althaea Officinalis Leaf Extract, Tapioca Starch, Chondrus Crispus (Carrageenan), Colloidal Platinum, Dipotassium Glycyrrhizate, Alcohol, Ascophyllum Nodosum Powder, Polysorbate 80, Polymethylsilsesquioxane, Hydroxypropyl Methylcellulose, Citric Acid, Lecithin, Pullulan, Porphyridium Cruentum Extract, Soy Isoflavones, Sodium Hyaluronate, Xanthan Gum, Fragrance, Coumarin, Disodium Edta, Phenoxyethanol, Sorbic Acid, Potassium Sorbate, Bismuth Oxychloride (Ci 77163)",1,1,1,1,0,gravitymud_firming_treatment,glamglow,treatment,glamglow_gravitymud_firming_treatment,,,,,,,,,,"Polyvinyl Alcohol;Alcohol Denat,;Butylene Glycol;Glycerin;Ethylhexyl Hydroxystearate;Hamamelis Virginiana (Witch Hazel) Water;Montmorillonite;Pentylene Glycol;Illite;Polysorbate 20;Canadian Colloidal Clay;Caprylyl Glycol;Althaea Officinalis Leaf Extract;Tapioca Starch;Chondrus Crispus (Carrageenan);Colloidal Platinum;Dipotassium Glycyrrhizate;Alcohol;Ascophyllum Nodosum Powder;Polysorbate 80;Polymethylsilsesquioxane;Hydroxypropyl Methylcellulose;Citric Acid;Lecithin;Pullulan;Porphyridium Cruentum Extract;Soy Isoflavones;Sodium Hyaluronate;Xanthan Gum;Fragrance;Coumarin;Disodium Edta;Phenoxyethanol;Sorbic Acid;Potassium Sorbate;Bismuth Oxychloride (Ci 77163)",0.0,738.0,72776.0,3.9485,1.7,,34.71,0.54,1.01,treatment,nan
Treatment,FRESH,Umbrian Clay Pore Purifying Face Mask,58,4.4,"Solum Fullonum (Fuller's Earth), Aqua (Water), Glycerin, Butylene Glycol, Pentylene Glycol, Cocamidopropyl Betaine, Vitis Vinifera (Grape) Seed Oil, Olea Europaea (Olive) Leaf Extract, Xanthan Gum, Fusanus Spicatus Wood Oil, La- vandula Angustifolia (Lavender) Flower Water, Anthemis Nobilis Flower Oil, Sodium Chloride, Polyacrylamide, C13-14 Isoparaffin, Laureth-7, BHT, Phenoxyethanol, Farnesol, Linalool",0,0,0,0,0,umbrian_clay_pore_purifying_face_mask,fresh,treatment,fresh_umbrian_clay_pore_purifying_face_mask,0.0,708.0,68288.0,4.4364,,Treatments,,0.63,1.04,Solum Fullonum (Fuller's Earth);Aqua (Water);Glycerin;Butylene Glycol;Pentylene Glycol;Cocamidopropyl Betaine;Vitis Vinifera (Grape) Seed Oil;Olea Europaea (Olive) Leaf Extract;Xanthan Gum;Fusanus Spicatus Wood Oil;La- vandula Angustifolia (Lavender) Flower Water;Anthemis Nobilis Flower Oil;Sodium Chloride;Polyacrylamide;C13-14 Isoparaffin;Laureth-7;BHT;Phenoxyethanol;Farnesol;Linalool,0.0,708.0,68288.0,4.4364,,Treatments,,0.63,1.04,treatment,Very High (26k - 193k)
Treatment,PETER THOMAS ROTH,Retinol Fusion PM,65,4.4,"Cyclopentasiloxane, Squalane, Water, Retinol, Tocopheryl Acetate, Ascorbyl Palmitate, Bisabolol, Lecithin, Potassium Phosphate, Pentylene Glycol, Polysorbate-20, Alcohol.",0,0,0,0,0,retinol_fusion_pm,peter_thomas_roth,treatment,peter_thomas_roth_retinol_fusion_pm,0.0,509.0,18636.0,4.3458,1.0,Treatments,65.0,0.85,2.73,"Cyclopentasiloxane;Squalane;Retinol;Tocopheryl Acetate;Ascorbyl Palmitate;Bisabolol;Lecithin;Potassium Phosphate;Pentylene Glycol;Polysorbate-20;Alcohol,",0.0,509.0,18636.0,4.3458,1.0,Treatments,65.0,0.85,2.73,treatment,High (13k - 26k)
Treatment,BIOSSANCE,Squalane + Phyto-Retinol Serum,78,4.3,"Water, Squalane, Niacinamide, Sodium Acrylates Copolymer, Bakuchiol, Sodium Hyaluronate, Rosa Canina Fruit Oil, Citrus Aurantium Amara (Bitter Orange) Peel Oil, Biosaccharide Gum-1, Yeast Extract , Soy Amino Acids, Lecithin, Hexylene Glycol, Ethylhexylglycerin, Caprylyl Glycol, Phenoxyethanol, Tetrasodium Glutamate Diacetate, Citric Acid, Linalool, Geraniol, Limonene.",1,1,1,1,1,squalane_phyto_retinol_serum,biossance,treatment,biossance_squalane_phyto_retinol_serum,1.0,126.0,12596.0,3.873,1.0,Treatments,78.0,3.07,1.0,"Squalane;Niacinamide;Sodium Acrylates Copolymer;Bakuchiol;Sodium Hyaluronate;Rosa Canina Fruit Oil;Citrus Aurantium Amara (Bitter Orange) Peel Oil;Biosaccharide Gum-1;Yeast Extract;Soy Amino Acids;Lecithin;Hexylene Glycol;Ethylhexylglycerin;Caprylyl Glycol;Phenoxyethanol;Tetrasodium Glutamate Diacetate;Citric Acid;Linalool;Geraniol;Limonene,",1.0,126.0,12596.0,3.873,1.0,Treatments,78.0,3.07,1.0,treatment,Medium (7k - 13k)
Treatment,PETER THOMAS ROTH,FIRMx™ Peeling Gel,48,4.6,"Water, Peg-32, Cellulose, Butylene Glycol, Citrus Aurantium Bergamia (Bergamot) Fruit Water, Sorbitol, R-Bacillus Licheniformis Keratinase, Ananas Sativus (Pineapple) Fruit Extract, Lactobacillus/Punica Granatum Fruit Ferment Extract, Leuconostoc/Radish Root Ferment Filtrate, Sodium Hyaluronate, Glycerin, Sodium Hydroxide, Citric Acid, Tetrasodium Edta, Algin, Carbomer, Tromethamine, Isopropyl Myristate, Sodium Chloride, Calcium Chloride, Potassium Sorbate, Sodium Benzoate, Mica, Phenoxyethanol.",1,1,1,1,1,firmx_peeling_gel,peter_thomas_roth,treatment,peter_thomas_roth_firmx_peeling_gel,,,,,,,,,,"Peg-32;Cellulose;Butylene Glycol;Citrus Aurantium Bergamia (Bergamot) Fruit Water;Sorbitol;R-Bacillus Licheniformis Keratinase;Ananas Sativus (Pineapple) Fruit Extract;Lactobacillus/Punica Granatum Fruit Ferment Extract;Leuconostoc/Radish Root Ferment Filtrate;Sodium Hyaluronate;Glycerin;Sodium Hydroxide;Citric Acid;Tetrasodium Edta;Algin;Carbomer;Tromethamine;Isopropyl Myristate;Sodium Chloride;Calcium Chloride;Potassium Sorbate;Sodium Benzoate;Mica;Phenoxyethanol,",0.0,1000.0,34778.0,4.5573,3.4,,14.12,0.46,2.88,treatment,nan
Treatment,SK-II,R.N.A. POWER Anti-Aging Essence Serum,195,4.4,"Water, Butylene Glycol, Glycerin, Galactomyces Ferment Filtrate*, Niacinamide, Pentylene Glycol, Phytosteryl/Octyldodecyl Lauroyl Glutamate, Isopropyl Isostearate, Dimethicone, Squalane, Xylitol, Vinyl Dimethicone/Methicone Silsesquioxane Crosspolymer, Boron Nitride, Panthenol, Peg-20 Sorbitan Cocoate, Tocopheryl Acetate, Dimethicone/Vinyl Dimethicone Crosspolymer, Phenoxyethanol, Benzyl Alcohol, Acrylates/C10-30 Alkyl Acrylate Crosspolymer, Dipentaerythrityl Tri-Polyhydroxystearate, Peg-11 Methyl Ether Dimethicone, Aminomethyl Propanol, Ceratonia Siliqua (Carob) Fruit Extract, Laureth-7, Methylparaben, Polymethylsilsesquioxane, Sodium Peg-7 Olive Oil Carboxylate, Xanthan Gum, Disodium Edta, Peg-100 Stearate, Peg-7 Glyceryl Cocoate, Acanthopanax Senticosus (Eleuthero) Root Extract, Fragrance, Ethylhexylglycerin, Hydrolyzed Soy Protein, Cynara Scolymus (Artichoke) Leaf Extract, Polyquaternium-7, Hydrolyzed Yeast Protein, Palmitoyl Pentapeptide-4, Methylsilanol Tri-Peg-8 Glyceryl Cocoate, Methicone, Ci 77891, Ci 77492. *Pitera™.",1,1,1,1,1,r.n.a._power_anti_aging_essence_serum,sk_ii,treatment,sk_ii_r.n.a._power_anti_aging_essence_serum,0.0,59.0,3416.0,4.3729,1.6,Treatments,121.88,7.41,1.73,"Butylene Glycol;Glycerin;Galactomyces Ferment Filtrate*;Niacinamide;Pentylene Glycol;Phytosteryl/Octyldodecyl Lauroyl Glutamate;Isopropyl Isostearate;Dimethicone;Squalane;Xylitol;Vinyl Dimethicone/Methicone Silsesquioxane Crosspolymer;Boron Nitride;Panthenol;Peg-20 Sorbitan Cocoate;Tocopheryl Acetate;Dimethicone/Vinyl Dimethicone Crosspolymer;Phenoxyethanol;Benzyl Alcohol;Acrylates/C10-30 Alkyl Acrylate Crosspolymer;Dipentaerythrityl Tri-Polyhydroxystearate;Peg-11 Methyl Ether Dimethicone;Aminomethyl Propanol;Ceratonia Siliqua (Carob) Fruit Extract;Laureth-7;Methylparaben;Polymethylsilsesquioxane;Sodium Peg-7 Olive Oil Carboxylate;Xanthan Gum;Disodium Edta;Peg-100 Stearate;Peg-7 Glyceryl Cocoate;Acanthopanax Senticosus (Eleuthero) Root Extract;Fragrance;Ethylhexylglycerin;Hydrolyzed Soy Protein;Cynara Scolymus (Artichoke) Leaf Extract;Polyquaternium-7;Hydrolyzed Yeast Protein;Palmitoyl Pentapeptide-4;Methylsilanol Tri-Peg-8 Glyceryl Cocoate;Methicone;Ci 77891;Ci 77492, *Pitera™,",0.0,59.0,3416.0,4.3729,1.6,Treatments,121.88,7.41,1.73,treatment,Low (3k - 7k)
Treatment,KIEHL'S SINCE 1851,Hydro-Plumping Re-Texturizing Serum Concentrate,59,4.7,"Water, Glycerin, Dimethicone, Propanediol, Dimethicone/PEG-10/15 Crosspolymer, Polymethylsilsesquioxane, Sodium Chloride, Phenoxyethanol, Butylene Glycol, Chlorphenesin, Sodium Citrate, p-Anisic Acid, Disodium EDTA, PEG-10 Dimethicone, Sodium Hydroxide, Adenosine, Perilla Ocymoides Extract/Perilla Ocymoides Leaf Extract, Citric Acid.",0,0,0,0,0,hydro_plumping_re_texturizing_serum_concentrate,kiehl's_since_1851,treatment,kiehl's_since_1851_hydro_plumping_re_texturizing_serum_concentrate,0.0,62.0,10699.0,4.3065,1.7,Treatments,34.71,6.95,0.58,"Glycerin;Dimethicone;Propanediol;Dimethicone/PEG-10/15 Crosspolymer;Polymethylsilsesquioxane;Sodium Chloride;Phenoxyethanol;Butylene Glycol;Chlorphenesin;Sodium Citrate;p-Anisic Acid;Disodium EDTA;PEG-10 Dimethicone;Sodium Hydroxide;Adenosine;Perilla Ocymoides Extract/Perilla Ocymoides Leaf Extract;Citric Acid,",0.0,62.0,10699.0,4.3065,1.7,Treatments,34.71,6.95,0.58,treatment,Medium (7k - 13k)
Treatment,CLINIQUE,Clinique Smart Custom-Repair Serum,60,4.0,"Water , Isododecane , Dimethicone , Cyclopentasiloxane , Polysilicone-11 , Butylene Glycol , Ascorbyl Glucoside , Peg-10 Dimethicone , Peg-6 , Citrus Grandis (Grapefruit) Peel Extract , Morus Nigra (Mulberry) Root Extract , Hordeum Vulgare (Barley) Extract/Extrait D'Orge , Scutellaria Baicalensis Root Extract , Cucumis Sativus (Cucumber) Fruit Extract , Algae Extract , Plankton Extract , Vitis Vinifera (Grape) Fruit Extract , Sigesbeckia Orientalis (St. Paul'S Wort) Extract , Triticum Vulgare (Wheat) Germ Extract , Glycerin , Oryza Sativa (Rice) Bran Extract , Yeast Extract/Faex/Extrait De Levure , Acetyl Hexapeptide-8 , Palmitoyl Oligopeptide , Ergothioneine , Whey Protein/Lactis Protein/Proteine Du Petit-Lait , Polysorbate 20 , Micrococcus Lysate , Cholesterol , Di-C12-18 Alkyl Dimonium Chloride , Salicylic Acid , Isohexadecane , Propylene Glycol Dicaprate , Helianthus Annuus (Sunflower) Seedcake , Caffeine , Glycine Soja (Soybean) Protein , Tocopheryl Acetate , Acetyl Glucosamine , Caprylyl Glycol , Glyceryl Polymethacrylate , Dimethoxytolyl Propylresorcinol , Synthetic Fluorphlogopite , Glycyrrhetinic Acid , Tromethamine , Polysorbate 80 , Sodium Hyaluronate , Sodium Rna , Squalane , Aminopropyl Ascorbyl Phosphate , Ammonium Acryloyldimethyltaurate/Vp Copolymer , Peg-8 , Lecithin , Hexylene Glycol , Acrylamide/Sodium Acryloyldimethyltaurate Copolymer , Sodium Hydroxide , Tin Oxide , Disodium Edta , Arabidopsis Thaliana Extract , Phenoxyethanol , Yellow 5 (Ci 19140) , Red 4 (Ci 14700) , Titanium Dioxide (Ci 77891)",1,1,1,1,1,clinique_smart_custom_repair_serum,clinique,treatment,clinique_clinique_smart_custom_repair_serum,0.0,371.0,16016.0,4.0512,1.0,Treatments,60.0,1.09,2.32,"Isododecane;Dimethicone;Cyclopentasiloxane;Polysilicone-11;Butylene Glycol;Ascorbyl Glucoside;Peg-10 Dimethicone;Peg-6;Citrus Grandis (Grapefruit) Peel Extract;Morus Nigra (Mulberry) Root Extract;Hordeum Vulgare (Barley) Extract/Extrait D'Orge;Scutellaria Baicalensis Root Extract;Cucumis Sativus (Cucumber) Fruit Extract;Algae Extract;Plankton Extract;Vitis Vinifera (Grape) Fruit Extract;Sigesbeckia Orientalis (St, Paul'S Wort) Extract;Triticum Vulgare (Wheat) Germ Extract;Glycerin;Oryza Sativa (Rice) Bran Extract;Yeast Extract/Faex/Extrait De Levure;Acetyl Hexapeptide-8;Palmitoyl Oligopeptide;Ergothioneine;Whey Protein/Lactis Protein/Proteine Du Petit-Lait;Polysorbate 20;Micrococcus Lysate;Cholesterol;Di-C12-18 Alkyl Dimonium Chloride;Salicylic Acid;Isohexadecane;Propylene Glycol Dicaprate;Helianthus Annuus (Sunflower) Seedcake;Caffeine;Glycine Soja (Soybean) Protein;Tocopheryl Acetate;Acetyl Glucosamine;Caprylyl Glycol;Glyceryl Polymethacrylate;Dimethoxytolyl Propylresorcinol;Synthetic Fluorphlogopite;Glycyrrhetinic Acid;Tromethamine;Polysorbate 80;Sodium Hyaluronate;Sodium Rna;Squalane;Aminopropyl Ascorbyl Phosphate;Ammonium Acryloyldimethyltaurate/Vp Copolymer;Peg-8;Lecithin;Hexylene Glycol;Acrylamide/Sodium Acryloyldimethyltaurate Copolymer;Sodium Hydroxide;Tin Oxide;Disodium Edta;Arabidopsis Thaliana Extract;Phenoxyethanol;Yellow 5 (Ci 19140);Red 4 (Ci 14700);Titanium Dioxide (Ci 77891)",0.0,371.0,16016.0,4.0512,1.0,Treatments,60.0,1.09,2.32,treatment,High (13k - 26k)
Treatment,DIOR,One Essential Skin Boosting Super Serum,100,4.6,Visit the Dior boutique,1,1,1,0,0,one_essential_skin_boosting_super_serum,dior,treatment,dior_one_essential_skin_boosting_super_serum,0.0,23.0,4200.0,4.7391,1.0,Treatments,100.0,20.6,0.55,Visit the Dior boutique,0.0,23.0,4200.0,4.7391,1.0,Treatments,100.0,20.6,0.55,treatment,Low (3k - 7k)
Treatment,COVER FX,Mattifying Primer With Anti-Acne Treatment,38,3.6,"Cyclopentasiloxane, Salix Nigra (Willow) Bark Extract, Water, Dimethicone Crosspolymer, Butylene Glycol, Dimethicone/Vinyl Dimethicone Crosspolymer, Bis-Peg/Ppg-14/14 Dimethicone, Vaccinium Myrtillus Fruit Extract, Glycerin, Dimethicone, Caprylic/Capric Triglyceride, Cetyl Peg/Ppg-10/1 Dimethicone, Squalane, Phenyl Methicone, Saccharum Officinarum (Sugar Cane) Extract, Bisabolol, Caprylyl Glycol, Tocopherol, Dimethiconol, Phenoxyethanol, Peg-60 Almond Glycerides, Acer Saccharum (Sugar Maple) Extract, Citrus Aurantium Dulcis (Orange) Fruit Extract, Enantia Chlorantha Bark Extract, Citrus Limon (Lemon) Fruit Extract, Phytosphingosine, Tetrahexyldecyl Ascorbate, Ethyl Linoleate, Ethyl Linolenate, Ethyl Oleate, Carbomer, Silica, Polysorbate 20, Oleanolic Acid, Nordihydroguaiaretic Acid, Palmitoyl Tripeptide-1, Palmitoyl Tetrapeptide-7.",0,0,0,0,0,mattifying_primer_with_anti_acne_treatment,cover_fx,treatment,cover_fx_mattifying_primer_with_anti_acne_treatment,1.0,1000.0,47500.0,3.5567,,Treatments,,0.36,2.11,"Cyclopentasiloxane;Salix Nigra (Willow) Bark Extract;Dimethicone Crosspolymer;Butylene Glycol;Dimethicone/Vinyl Dimethicone Crosspolymer;Bis-Peg/Ppg-14/14 Dimethicone;Vaccinium Myrtillus Fruit Extract;Glycerin;Dimethicone;Caprylic/Capric Triglyceride;Cetyl Peg/Ppg-10/1 Dimethicone;Squalane;Phenyl Methicone;Saccharum Officinarum (Sugar Cane) Extract;Bisabolol;Caprylyl Glycol;Tocopherol;Dimethiconol;Phenoxyethanol;Peg-60 Almond Glycerides;Acer Saccharum (Sugar Maple) Extract;Citrus Aurantium Dulcis (Orange) Fruit Extract;Enantia Chlorantha Bark Extract;Citrus Limon (Lemon) Fruit Extract;Phytosphingosine;Tetrahexyldecyl Ascorbate;Ethyl Linoleate;Ethyl Linolenate;Ethyl Oleate;Carbomer;Silica;Polysorbate 20;Oleanolic Acid;Nordihydroguaiaretic Acid;Palmitoyl Tripeptide-1;Palmitoyl Tetrapeptide-7,",1.0,1000.0,47500.0,3.5567,,Treatments,,0.36,2.11,treatment,Very High (26k - 193k)
Treatment,SHISEIDO,White Lucent MicroTargeting Spot Corrector,132,3.4,"Water, Alcohol Denat., Glycerin, Peg-8, Betaine, Dipropylene Glycol, Dimethicone, Cetyl Ethylhexanoate, Triethylhexanoin, Xylitol, Peg/Ppg-14/7 Dimethyl Ether, Potassium Methoxysalicylate, Phenoxyethanol, Isostearic Acid, Butylene Glycol, Carbomer, Potassium Hydroxide, Lauryl Betaine, Peg-60 Hydrogenated Castor Oil, Xanthan Gum, Alcohol, Tocopherol, Acrylates/C10-30 Alkyl Acrylate Crosspolymer, 2-O-Ethyl Ascorbic Acid, Fragrance (Parfum), Sodium Metaphosphate, Disodium Edta, Dipotassium Glycyrrhizate, Butylphenyl Methylpropional, Glucosamine Hcl, Sodium Metabisulfite, Limonene, Linalool, Sodium Hyaluronate, Prunus Yedoensis Leaf Extract, Alpha-Isomethyl Ionone, Angelica Acutiloba Root Extract, Paeonia Suffruticosa Root Extract, Crataegus Monogyna Flower Extract, Resveratrol, Rehmannia Chinensis Root Extract, Lilium Candidum Bulb Extract, Artemisia Princeps Leaf Extract, Uncaria Gambir Extract, Pyrola Incarnata Extract, Iron Oxides (Ci 77492), Iron Oxides (Ci 77491), Sodium Benzoate, Glucosyl Hesperidin.",1,1,1,1,0,white_lucent_microtargeting_spot_corrector,shiseido,treatment,shiseido_white_lucent_microtargeting_spot_corrector,0.0,60.0,6700.0,3.3333,1.0,Treatments,135.0,5.56,0.9,"Alcohol Denat,;Glycerin;Peg-8;Betaine;Dipropylene Glycol;Dimethicone;Cetyl Ethylhexanoate;Triethylhexanoin;Xylitol;Peg/Ppg-14/7 Dimethyl Ether;Potassium Methoxysalicylate;Phenoxyethanol;Isostearic Acid;Butylene Glycol;Carbomer;Potassium Hydroxide;Lauryl Betaine;Peg-60 Hydrogenated Castor Oil;Xanthan Gum;Alcohol;Tocopherol;Acrylates/C10-30 Alkyl Acrylate Crosspolymer;2-O-Ethyl Ascorbic Acid;Fragrance (Parfum);Sodium Metaphosphate;Disodium Edta;Dipotassium Glycyrrhizate;Butylphenyl Methylpropional;Glucosamine Hcl;Sodium Metabisulfite;Limonene;Linalool;Sodium Hyaluronate;Prunus Yedoensis Leaf Extract;Alpha-Isomethyl Ionone;Angelica Acutiloba Root Extract;Paeonia Suffruticosa Root Extract;Crataegus Monogyna Flower Extract;Resveratrol;Rehmannia Chinensis Root Extract;Lilium Candidum Bulb Extract;Artemisia Princeps Leaf Extract;Uncaria Gambir Extract;Pyrola Incarnata Extract;Iron Oxides (Ci 77492);Iron Oxides (Ci 77491);Sodium Benzoate;Glucosyl Hesperidin,",0.0,60.0,6700.0,3.3333,1.0,Treatments,135.0,5.56,0.9,treatment,Low (3k - 7k)
Treatment,FRESH,Rose Deep Hydration Face Serum,48,4.3,"Water, Glycerin,Propanediol, Maris Aqua (Sea Water),Butylene Glycol, Polymethylsilsesquioxane,Dimethicone, Pentylene Glycol, Porphyrid-ium Cruentum Extract, Pyrus CydoniaSeed Extract, Rosa Damascena FlowerWater, Angelica Keiskei Extract, VoandzeiaSubterranea Seed Extract, Cucumis Sativus(Cucumber) Fruit Extract, Rosa Damasce-na Flower Oil, Sodium Hyaluronate,Tocopheryl Acetate, PEG-7 GlycerylCocoate, PEG-6, Xanthan Gum,Acrylates/C10-30 Alkyl Acrylate Cross-polymer, Polyacrylamide, Tromethamine,C13-14 Isoparaffin, Disodium Phosphate,PPG-26-Buteth-26, Alcaligenes Polysaccha-rides, Tetrasodium EDTA, Caprylic/CapricTriglyceride, PEG-40 Hydrogenated CastorOil, Biosaccharide Gum-1, Laureth-7, CitricAcid, Caramel, Fragrance, BHT,Phenoxyethanol, Citronellol, Geraniol.",0,0,0,0,0,rose_deep_hydration_face_serum,fresh,treatment,fresh_rose_deep_hydration_face_serum,0.0,114.0,15860.0,4.2368,1.0,Treatments,48.0,3.72,0.72,"Glycerin;Propanediol;Maris Aqua (Sea Water);Butylene Glycol;Polymethylsilsesquioxane;Dimethicone;Pentylene Glycol;Porphyrid-ium Cruentum Extract;Pyrus CydoniaSeed Extract;Rosa Damascena FlowerWater;Angelica Keiskei Extract;VoandzeiaSubterranea Seed Extract;Cucumis Sativus(Cucumber) Fruit Extract;Rosa Damasce-na Flower Oil;Sodium Hyaluronate;Tocopheryl Acetate;PEG-7 GlycerylCocoate;PEG-6;Xanthan Gum;Acrylates/C10-30 Alkyl Acrylate Cross-polymer;Polyacrylamide;Tromethamine;C13-14 Isoparaffin;Disodium Phosphate;PPG-26-Buteth-26;Alcaligenes Polysaccha-rides;Tetrasodium EDTA;Caprylic/CapricTriglyceride;PEG-40 Hydrogenated CastorOil;Biosaccharide Gum-1;Laureth-7;CitricAcid;Caramel;Fragrance;BHT;Phenoxyethanol;Citronellol;Geraniol,",0.0,114.0,15860.0,4.2368,1.0,Treatments,48.0,3.72,0.72,treatment,High (13k - 26k)
Treatment,LA MER,The Perfecting Treatment,245,4.6,"Water, Dimethicone, Isododecane, Algae (Seaweed) Extract, Polysilicone-11, Butylene Glycol, Ascorbyl Glucoside, Peg-10 Dimethicone, Ammonium Acryloyldimethyltaurate/Vp Copolymer, Sesamum Indicum (Sesame) Seed Oil, Medicago Sativa (Alfalfa) Seed Powder, Helianthus Annuus (Sunflower) Seedcake, Prunus Amygdalus Dulcis (Sweet Almond) Seed Meal, Eucalyptus Globulus (Eucalyptus) Leaf Oil, Sodium Gluconate, Copper Gluconate, Calcium Gluconate, Magnesium Gluconate, Zinc Gluconate, Tocopheryl Succinate, Niacin, Sesamum Indicum (Sesame) Seed Powder, Peg-6, Helichrysum Arenarium (Everlasting) Extract, Hordeum Vulgare (Barley) Extract/Extrait D'Orge, Laminaria Digitata Extract, Magnesium Ascorbyl Phosphate, Triticum Vulgare (Wheat) Germ Extract, Palmaria Palmata Extract, Cucumis Sativus (Cucumber) Fruit Extract, Gentiana Lutea (Gentian) Root Extract, Hydrolyzed Rice Bran Extract, Plankton Extract, Castanea Sativa (Chestnut) Seed Extract, Glycerin, Saccharomyces Lysate Extract, Corallina Officinalis Extract, Scutellaria Baicalensis Root Extract, Morus Bombycis (Mulberry) Root Extract, Molasses Extract/Saccharum Officinarum/Extrait De Melasse, Citrus Aurantifolia (Lime) Peel Extract, Mentha Viridis (Spearmint), Pelargonium Graveolens (Geranium) Flower Oil, Citrus Grandis (Grapefruit) Peel Oil, Tocopheryl Linoleate/Oleate, Sigesbeckia Orientalis (St. Paul'S Wort) Extract, Polygonum Cuspidatum Root Extract, Magnolia Officinalis Bark Extract, Yeast Polysaccharides, Laminaria Saccharina Extract, Polysorbate 20, Rosa Damascena (Rose) Flower Oil, Isohexadecane, Yeast Extract/Faex/Extrait De Levure, Propylene Glycol Dicaprate, Caprylic/Capric Triglyceride, Caffeine, Ethylhexylglycerin, Ergothioneine, Tourmaline, Acetyl Hexapeptide-8, Crithmum Maritimum Extract, Caprylyl Glycol, Sodium Hyaluronate, Polysorbate 80, Dipotassium Glycyrrhizate, Dimethoxytolyl Propylresorcinol, Acetyl Glucosamine, Methyldihydrojasmonate, Cholesterol, Hydrogenated Vegetable Oil, Squalane, Glycyrrhetinic Acid, Hexylene Glycol, Lecithin, Acrylamide/Sodium Acryloyldimethyltaurate Copolymer, Citric Acid, Tromethamine, Alcohol Denat., Disodium Edta, Bht, Phenoxyethanol, Linalool, Limonene, Citronellol, Geraniol, Red 4 (Ci 14700)",1,1,1,1,1,the_perfecting_treatment,la_mer,treatment,la_mer_the_perfecting_treatment,0.0,23.0,2707.0,4.6522,1.7,Treatments,144.12,20.23,0.85,"Dimethicone;Isododecane;Algae (Seaweed) Extract;Polysilicone-11;Butylene Glycol;Ascorbyl Glucoside;Peg-10 Dimethicone;Ammonium Acryloyldimethyltaurate/Vp Copolymer;Sesamum Indicum (Sesame) Seed Oil;Medicago Sativa (Alfalfa) Seed Powder;Helianthus Annuus (Sunflower) Seedcake;Prunus Amygdalus Dulcis (Sweet Almond) Seed Meal;Eucalyptus Globulus (Eucalyptus) Leaf Oil;Sodium Gluconate;Copper Gluconate;Calcium Gluconate;Magnesium Gluconate;Zinc Gluconate;Tocopheryl Succinate;Niacin;Sesamum Indicum (Sesame) Seed Powder;Peg-6;Helichrysum Arenarium (Everlasting) Extract;Hordeum Vulgare (Barley) Extract/Extrait D'Orge;Laminaria Digitata Extract;Magnesium Ascorbyl Phosphate;Triticum Vulgare (Wheat) Germ Extract;Palmaria Palmata Extract;Cucumis Sativus (Cucumber) Fruit Extract;Gentiana Lutea (Gentian) Root Extract;Hydrolyzed Rice Bran Extract;Plankton Extract;Castanea Sativa (Chestnut) Seed Extract;Glycerin;Saccharomyces Lysate Extract;Corallina Officinalis Extract;Scutellaria Baicalensis Root Extract;Morus Bombycis (Mulberry) Root Extract;Molasses Extract/Saccharum Officinarum/Extrait De Melasse;Citrus Aurantifolia (Lime) Peel Extract;Mentha Viridis (Spearmint);Pelargonium Graveolens (Geranium) Flower Oil;Citrus Grandis (Grapefruit) Peel Oil;Tocopheryl Linoleate/Oleate;Sigesbeckia Orientalis (St, Paul'S Wort) Extract;Polygonum Cuspidatum Root Extract;Magnolia Officinalis Bark Extract;Yeast Polysaccharides;Laminaria Saccharina Extract;Polysorbate 20;Rosa Damascena (Rose) Flower Oil;Isohexadecane;Yeast Extract/Faex/Extrait De Levure;Propylene Glycol Dicaprate;Caprylic/Capric Triglyceride;Caffeine;Ethylhexylglycerin;Ergothioneine;Tourmaline;Acetyl Hexapeptide-8;Crithmum Maritimum Extract;Caprylyl Glycol;Sodium Hyaluronate;Polysorbate 80;Dipotassium Glycyrrhizate;Dimethoxytolyl Propylresorcinol;Acetyl Glucosamine;Methyldihydrojasmonate;Cholesterol;Hydrogenated Vegetable Oil;Squalane;Glycyrrhetinic Acid;Hexylene Glycol;Lecithin;Acrylamide/Sodium Acryloyldimethyltaurate Copolymer;Citric Acid;Tromethamine;Alcohol Denat,;Disodium Edta;Bht;Phenoxyethanol;Linalool;Limonene;Citronellol;Geraniol;Red 4 (Ci 14700)",0.0,23.0,2707.0,4.6522,1.7,Treatments,144.12,20.23,0.85,treatment,Very Low (0 - 3k)
Treatment,FRESH,Black Tea Age-Delay Firming Serum,75,3.9,"Water, Glycerin, Butylene Glycol, Jojoba Oil PEG-150 Esters, Pentylene Glycol, Methyl Gluceth-20, PEG-6 Caprylic/Capric Glycerides, Acacia Senegal Gum, PEG-40 Hydrogenated Castor Oil, Rhizobian Gum, Xanthan Gum, Saccharomyces Ferment Filtrate, Camellia Sinensis Leaf Extract, Rubus Fruticosus (Blackberry) Leaf Extract, Lonicera Japonica (Honeysuckle) Leaf Extract, Litchi Chinensis Seed Extract, Tocopheryl Acetate, Tocopherol, Acetyl Dipeptide-1 Cetyl Ester, Palmitoyl Tetrapeptide-7, PEG-150, Squalane, Lecithin, Carbomer, Sorbitan Laurate, Sorbitol, Parfum (Fragrance), Sodium Acrylates Copolymer, Maltodextrin, Algin, Sodium Hydroxide, Polyquaternium-51, Adenosine, Hydroxyethylcellulose, Polyvinyl Alcohol, Lactic Acid, BHT, Cellulose Gum, Sodium Citrate, Citric Acid, Potassium Sorbate, Biotin, Linalool, Citronellol, Phenoxyethanol.",1,1,1,1,1,black_tea_age_delay_firming_serum,fresh,treatment,fresh_black_tea_age_delay_firming_serum,0.0,75.0,9281.0,3.96,1.0,Treatments,75.0,5.28,0.81,"Glycerin;Butylene Glycol;Jojoba Oil PEG-150 Esters;Pentylene Glycol;Methyl Gluceth-20;PEG-6 Caprylic/Capric Glycerides;Acacia Senegal Gum;PEG-40 Hydrogenated Castor Oil;Rhizobian Gum;Xanthan Gum;Saccharomyces Ferment Filtrate;Camellia Sinensis Leaf Extract;Rubus Fruticosus (Blackberry) Leaf Extract;Lonicera Japonica (Honeysuckle) Leaf Extract;Litchi Chinensis Seed Extract;Tocopheryl Acetate;Tocopherol;Acetyl Dipeptide-1 Cetyl Ester;Palmitoyl Tetrapeptide-7;PEG-150;Squalane;Lecithin;Carbomer;Sorbitan Laurate;Sorbitol;Parfum (Fragrance);Sodium Acrylates Copolymer;Maltodextrin;Algin;Sodium Hydroxide;Polyquaternium-51;Adenosine;Hydroxyethylcellulose;Polyvinyl Alcohol;Lactic Acid;BHT;Cellulose Gum;Sodium Citrate;Citric Acid;Potassium Sorbate;Biotin;Linalool;Citronellol;Phenoxyethanol,",0.0,75.0,9281.0,3.96,1.0,Treatments,75.0,5.28,0.81,treatment,Medium (7k - 13k)
Treatment,MOON JUICE,Beauty Shroom™ Exfoliating Acid Potion,39,4.9,"Water, Glycolic Acid, Phytic Acid, Sodium Hydroxide, Niacinamide, Propanediol, Glycereth-7 Trimethyl Ether, Lactic Acid, Salicylic Acid, Allantoin, Ganoderma Lucidum (Reishi Mushroom) Extract, Tocotrienols, Glycerin, Polyglyceryl-10 Oleate, Oryza Sativa (Rice) Bran Oil, Tocopherol, Salvia Sclarea (Clary) Oil, Citric Acid, Lonicera Caprifolium (Honeysuckle) Flower Extract, Lonicera Japonica (Honeysuckle) Flower Extract.",1,1,1,1,1,beauty_shroom_exfoliating_acid_potion,moon_juice,treatment,moon_juice_beauty_shroom_exfoliating_acid_potion,,,,,,,,,,"Glycolic Acid;Phytic Acid;Sodium Hydroxide;Niacinamide;Propanediol;Glycereth-7 Trimethyl Ether;Lactic Acid;Salicylic Acid;Allantoin;Ganoderma Lucidum (Reishi Mushroom) Extract;Tocotrienols;Glycerin;Polyglyceryl-10 Oleate;Oryza Sativa (Rice) Bran Oil;Tocopherol;Salvia Sclarea (Clary) Oil;Citric Acid;Lonicera Caprifolium (Honeysuckle) Flower Extract;Lonicera Japonica (Honeysuckle) Flower Extract,",0.0,129.0,9945.0,4.814,3.3,,11.82,3.73,1.3,treatment,nan
Treatment,ORIGINS,Super Spot Remover™ Blemish Treatment Gel,18,4.0,"Water, Alcohol Denat., Acrylates/C10-30 Alkyl Acrylate Crosspolymer, Hamamelis Virginiana (Witch Hazel), Eugenia Caryophyllus (Clove) Bud Oil*, Origanum Heracleoticum Flower Oil*, Eugenol, Limonene, Cucumis Sativus (Cucumber) Fruit Extract, Pyrus Malus (Apple) Fruit Extract, Scutellaria Baicalensis Root Extract, Algae Extract, Poria Cocos Sclerotium Extract, Laminaria Saccharina Extract, Lactobacillus Ferment, Glycerin, Caffeine, Butylene Glycol, Tocopheryl Acetate, Magnesium Ascorbyl Phosphate, Sodium Hydroxide, Phenoxyethanol. *Essential Oil.",1,1,1,1,1,super_spot_remover_blemish_treatment_gel,origins,treatment,origins_super_spot_remover_blemish_treatment_gel,,,,,,,,,,"Alcohol Denat,;Acrylates/C10-30 Alkyl Acrylate Crosspolymer;Hamamelis Virginiana (Witch Hazel);Eugenia Caryophyllus (Clove) Bud Oil*;Origanum Heracleoticum Flower Oil*;Eugenol;Limonene;Cucumis Sativus (Cucumber) Fruit Extract;Pyrus Malus (Apple) Fruit Extract;Scutellaria Baicalensis Root Extract;Algae Extract;Poria Cocos Sclerotium Extract;Laminaria Saccharina Extract;Lactobacillus Ferment;Glycerin;Caffeine;Butylene Glycol;Tocopheryl Acetate;Magnesium Ascorbyl Phosphate;Sodium Hydroxide;Phenoxyethanol, *Essential Oil,",1.0,1000.0,65859.0,4.0227,0.3,,60.0,0.4,1.52,treatment,nan
Treatment,MURAD,Invisiblur™ Perfecting Shield Broad Spectrum SPF 30 PA+++,65,3.9,"Isododecane, Dimethicone/Bis-Isobutyl PPG-20 Crosspolymer, Caprylyl Methicone, Caprylic/Capric Triglyceride, Phenyl Trimethicone, Diethylhexyl 2,6-Naphthalate, Propylene Glycol Dicaprate, Hydrogenated Soybean Oil, Hydrogenated Soy Polyglycerides, C15-23 Alkane, Helianthus Annuus (Sunflower) Seed Cake, Ribes Nigrum (Black Currant) Seed Extract, Octyldodecanol, Octyldodecyl Oleate, PEG -8 Dimethicone, Octyldodecyl Stearoyl Stearate, Alcohol, Hordeum Vulgare (Barley) Extract, Butylene Glycol, Lentinus Edodes (Shiitake Mushroom) Extract, Mucor Miehei Extract, Paeonia Suffruticosa Root Extract, Ascorbic Acid, Tocopheryl Acetate, Retinyl Palmitate, Silica, Sodium Propoxyhydroxypropyl Thiosulfate Silica, Cucumis Sativus (Cucumber) Fruit Extract, Rosmarinus Officinalis (Rosemary) Leaf Extract, Solidago Virgaurea (Goldenrod) Extract, Benzyl Benzoate, Citral, Hexyl Cinnamal, Hydroxyisohexyl 3-Cyclohexene Carboxaldehyde, Limonene, Linalool, Fragrance.",1,1,1,1,0,invisiblur_perfecting_shield_broad_spectrum_spf_30_pa,murad,treatment,murad_invisiblur_perfecting_shield_broad_spectrum_spf_30_pa,,,,,,,,,,"Isododecane;Dimethicone/Bis-Isobutyl PPG-20 Crosspolymer;Caprylyl Methicone;Caprylic/Capric Triglyceride;Phenyl Trimethicone;Diethylhexyl 2,6-Naphthalate;Propylene Glycol Dicaprate;Hydrogenated Soybean Oil;Hydrogenated Soy Polyglycerides;C15-23 Alkane;Helianthus Annuus (Sunflower) Seed Cake;Ribes Nigrum (Black Currant) Seed Extract;Octyldodecanol;Octyldodecyl Oleate;PEG -8 Dimethicone;Octyldodecyl Stearoyl Stearate;Alcohol;Hordeum Vulgare (Barley) Extract;Butylene Glycol;Lentinus Edodes (Shiitake Mushroom) Extract;Mucor Miehei Extract;Paeonia Suffruticosa Root Extract;Ascorbic Acid;Tocopheryl Acetate;Retinyl Palmitate;Silica;Sodium Propoxyhydroxypropyl Thiosulfate Silica;Cucumis Sativus (Cucumber) Fruit Extract;Rosmarinus Officinalis (Rosemary) Leaf Extract;Solidago Virgaurea (Goldenrod) Extract;Benzyl Benzoate;Citral;Hexyl Cinnamal;Hydroxyisohexyl 3-Cyclohexene Carboxaldehyde;Limonene;Linalool;Fragrance,",0.0,642.0,26809.0,3.9502,1.0,,65.0,0.62,2.39,treatment,nan
Treatment,NEOGEN DERMALOGY,Bio-Peel Gauze Peeling - Green Tea,27,4.7,"Water, Dipropylene Glycol, Camellia Sinensis Leaf Extract, Glycerin, Alcohol Denat., PEG/PPG-17/6 Copolymer, Centella Asiatica Extract, Artemisia Vulgaris Extract, Aloe Barbadensis Leaf Extract, Houttuynia Cordata Extract, Gardenia Florida Fruit Extract, Melaleuca Alternifolia (Tea Tree) Leaf Extract, Coptis Japonica Extract, Butylene Glycol, Benzophenone-5, Sodium Hyaluronate, Carbomer, Tartaric Acid, Glycolic Acid, Lactic Acid, Tromethamine, PEG-60 Hydrogenated Castor Oil, Phenoxyethanol, Ethylhexylglycerin, 1,2-Hexanediol, Melaleuca Alternifolia (Tea Tree) Leaf Oil, Disodium EDTA, Fragrance.",1,1,1,1,1,bio_peel_gauze_peeling_green_tea,neogen_dermalogy,treatment,neogen_dermalogy_bio_peel_gauze_peeling_green_tea,0.0,201.0,17139.0,4.6716,,Treatments,,2.32,1.17,"Dipropylene Glycol;Camellia Sinensis Leaf Extract;Glycerin;Alcohol Denat,;PEG/PPG-17/6 Copolymer;Centella Asiatica Extract;Artemisia Vulgaris Extract;Aloe Barbadensis Leaf Extract;Houttuynia Cordata Extract;Gardenia Florida Fruit Extract;Melaleuca Alternifolia (Tea Tree) Leaf Extract;Coptis Japonica Extract;Butylene Glycol;Benzophenone-5;Sodium Hyaluronate;Carbomer;Tartaric Acid;Glycolic Acid;Lactic Acid;Tromethamine;PEG-60 Hydrogenated Castor Oil;Phenoxyethanol;Ethylhexylglycerin;1,2-Hexanediol;Melaleuca Alternifolia (Tea Tree) Leaf Oil;Disodium EDTA;Fragrance,",0.0,201.0,17139.0,4.6716,,Treatments,,2.32,1.17,treatment,High (13k - 26k)
Treatment,PRIVATE DOCTOR,Minus Serum,49,4.8,"Water, Dipropylene Glycol, Glycerin, Alcohol Denat., Betaine, Pentylene Glycol, Curcuma Longa (Turmeric) Root Extract, 1,2-Hexanediol, PVP, Dimethicone, Linum Usitatissimum (Linseed) Seed Extract, Lactobacillus Ferment, Hydrolyzed Sponge, PEG-60 Hydrogenated Castor Oil, Acrylates/C10-30 Alkyl Acrylate Crosspolymer, Butylene Glycol, Tromethamine, Lecithin, Octyldodeceth-16, Eclipta Prostrata Extract, Glyceryl Polyacrylate, Betaine Salicylate, Polyquaternium-51, Sodium Hyaluronate, Adenosine, Fragrance (Parfum), Xanthan Gum, Alcohol, Disodium EDTA, Dextrin, Phenoxyethanol, Theobroma Cacao (Cocoa) Seed Extract, Sodium Deoxycholate, Prunella Vulgaris Flower/Leaf/Stem Extract, Dioscorea Japonica Root Extract, Morus Alba Root Extract.",1,1,1,1,0,minus_serum,private_doctor,treatment,private_doctor_minus_serum,0.0,115.0,7861.0,4.4522,1.3,Treatments,37.69,3.87,1.46,"Dipropylene Glycol;Glycerin;Alcohol Denat,;Betaine;Pentylene Glycol;Curcuma Longa (Turmeric) Root Extract;1,2-Hexanediol;PVP;Dimethicone;Linum Usitatissimum (Linseed) Seed Extract;Lactobacillus Ferment;Hydrolyzed Sponge;PEG-60 Hydrogenated Castor Oil;Acrylates/C10-30 Alkyl Acrylate Crosspolymer;Butylene Glycol;Tromethamine;Lecithin;Octyldodeceth-16;Eclipta Prostrata Extract;Glyceryl Polyacrylate;Betaine Salicylate;Polyquaternium-51;Sodium Hyaluronate;Adenosine;Fragrance (Parfum);Xanthan Gum;Alcohol;Disodium EDTA;Dextrin;Phenoxyethanol;Theobroma Cacao (Cocoa) Seed Extract;Sodium Deoxycholate;Prunella Vulgaris Flower/Leaf/Stem Extract;Dioscorea Japonica Root Extract;Morus Alba Root Extract,",0.0,115.0,7861.0,4.4522,1.3,Treatments,37.69,3.87,1.46,treatment,Medium (7k - 13k)
Treatment,LANCÔME,Visionnaire Advanced Skin Corrector Serum,116,4.2,"Water, Cyclohexasiloxane, Glycerin, Alcohol Denat., Sodium Tetrahydrojasmonate, Polysilicone-11, Octyldodecanol, Hdi/Trimethylol Hexyllactone Crosspolymer, Dipropylene Glycol, Bis-Peg/Ppg-16/16 Peg/Ppg-16/16 Dimethicone, Ci 77891, Titanium Dioxide, Mica, Secale Cereale Extract, Rye Seed Extract, Sodium Hyaluronate, Hydroxyethylcellulose, Phenoxyethanol, Adenosine, Poloxamer 338, Ammonium Polyacryldimethyltauramide, Ammonium Polyacryloyldimethyl Taurate, Dimethicone, Dimethiconol, Pentylene Glycol, Caprylic/Capric Triglyceride, Disodium Edta, Methyldihydrojasmonate, Citronellol, Inulin Lauryl Carbamate, Fragrance.",1,1,1,1,1,visionnaire_advanced_skin_corrector_serum,lancôme,treatment,lancôme_visionnaire_advanced_skin_corrector_serum,,,,,,,,,,"Cyclohexasiloxane;Glycerin;Alcohol Denat,;Sodium Tetrahydrojasmonate;Polysilicone-11;Octyldodecanol;Hdi/Trimethylol Hexyllactone Crosspolymer;Dipropylene Glycol;Bis-Peg/Ppg-16/16 Peg/Ppg-16/16 Dimethicone;Ci 77891;Titanium Dioxide;Mica;Secale Cereale Extract;Rye Seed Extract;Sodium Hyaluronate;Hydroxyethylcellulose;Phenoxyethanol;Adenosine;Poloxamer 338;Ammonium Polyacryldimethyltauramide;Ammonium Polyacryloyldimethyl Taurate;Dimethicone;Dimethiconol;Pentylene Glycol;Caprylic/Capric Triglyceride;Disodium Edta;Methyldihydrojasmonate;Citronellol;Inulin Lauryl Carbamate;Fragrance,",0.0,138.0,9847.0,4.2029,1.7,,68.24,3.05,1.4,treatment,nan
Treatment,HERBIVORE,Prism Exfoliating Glow Potion,62,4.3,"Aloe Barbadensis (Aloe Vera) Leaf Juice, Sodium Hyaluronate, Rosa Damascena (Rose) Flower Water, Glycerin, Malus Fructus (Apple) Extract, Leuconostoc/Radish Root Ferment Filtrate, Populus Tremuloides (Aspen) Bark Extract, Salix Nigra (Willow) Bark Extract, Terminalia Ferdinandiana Fruit Extract (Kakadu Plum), Vaccinium Myrtillus, (Bilberry) Extract, Saccharum Officinarum (Sugar Cane) Extract, Acer Saccharum (Sugar Maple) Extract, Citrus Aurantium Dulcis (Orange) Fruit Extract, Citrus Limon (Lemon) Fruit Extract.",1,1,1,1,0,prism_exfoliating_glow_potion,herbivore,treatment,herbivore_prism_exfoliating_glow_potion,1.0,190.0,24378.0,4.1947,1.0,Treatments,62.0,2.21,0.78,"Aloe Barbadensis (Aloe Vera) Leaf Juice;Sodium Hyaluronate;Rosa Damascena (Rose) Flower Water;Glycerin;Malus Fructus (Apple) Extract;Leuconostoc/Radish Root Ferment Filtrate;Populus Tremuloides (Aspen) Bark Extract;Salix Nigra (Willow) Bark Extract;Terminalia Ferdinandiana Fruit Extract (Kakadu Plum);Vaccinium Myrtillus;(Bilberry) Extract;Saccharum Officinarum (Sugar Cane) Extract;Acer Saccharum (Sugar Maple) Extract;Citrus Aurantium Dulcis (Orange) Fruit Extract;Citrus Limon (Lemon) Fruit Extract,",1.0,190.0,24378.0,4.1947,1.0,Treatments,62.0,2.21,0.78,treatment,High (13k - 26k)
Treatment,MURAD,Retinol Youth Renewal Serum,88,4.3,"Water, Cyclopentasiloxane, Isopropyl Palmitate, C14-22 Alcohols, Polymethylsilsesquioxane, Dimethicone, Propanediol, Glyceryl Stearate, PEG-100 Stearate, Shea Butter Ethyl Esters, Retinol, Hydroxypinacolone Retinoate, Ceramide NP, Sodium Hyaluronate, Solanum Lycopersicum (Tomato) Fruit Extract, Swertia Chirata Extract, Squalane, Punica Granatum Extract, Tocopheryl Acetate, Glycine Soja (Soybean) Extract, Urea, Yeast Amino Acids, Trehalose, Inositol, Taurine, Betaine, Glycerin, Caprylic/Capric Triglyceride, Dimethyl Isosorbide, Silica, Ethylhexyl Palmitate, Silica Dimethyl Silylate, Butylene Glycol, Lecithin, Ammonium Acryloyldimethyltaurate/VP Copolymer, C12-20 Alkyl Glucoside, Cetyl Palmitate, Laureth-23, Polysorbate 20, Trideceth-6 Phosphate, Synthetic Fluorphlogopite, Phenoxyethanol, Ethylhexylglycerin, Chlorphenesin, Disodium EDTA, Sodium Hydroxide, Tris(Tetramethylhydroxypiperidinol) Citrate, Sodium Benzotriazolyl Butylphenol Sulfonate, Titanium Dioxide (CI 77891), Red 4 (CI 14700), Alpha-Isomethyl Ionone, Citronellol, Fragrance.",1,1,1,1,1,retinol_youth_renewal_serum,murad,treatment,murad_retinol_youth_renewal_serum,0.0,241.0,9893.0,4.5519,1.0,Treatments,89.0,1.89,2.44,"Cyclopentasiloxane;Isopropyl Palmitate;C14-22 Alcohols;Polymethylsilsesquioxane;Dimethicone;Propanediol;Glyceryl Stearate;PEG-100 Stearate;Shea Butter Ethyl Esters;Retinol;Hydroxypinacolone Retinoate;Ceramide NP;Sodium Hyaluronate;Solanum Lycopersicum (Tomato) Fruit Extract;Swertia Chirata Extract;Squalane;Punica Granatum Extract;Tocopheryl Acetate;Glycine Soja (Soybean) Extract;Urea;Yeast Amino Acids;Trehalose;Inositol;Taurine;Betaine;Glycerin;Caprylic/Capric Triglyceride;Dimethyl Isosorbide;Silica;Ethylhexyl Palmitate;Silica Dimethyl Silylate;Butylene Glycol;Lecithin;Ammonium Acryloyldimethyltaurate/VP Copolymer;C12-20 Alkyl Glucoside;Cetyl Palmitate;Laureth-23;Polysorbate 20;Trideceth-6 Phosphate;Synthetic Fluorphlogopite;Phenoxyethanol;Ethylhexylglycerin;Chlorphenesin;Disodium EDTA;Sodium Hydroxide;Tris(Tetramethylhydroxypiperidinol) Citrate;Sodium Benzotriazolyl Butylphenol Sulfonate;Titanium Dioxide (CI 77891);Red 4 (CI 14700);Alpha-Isomethyl Ionone;Citronellol;Fragrance,",0.0,241.0,9893.0,4.5519,1.0,Treatments,89.0,1.89,2.44,treatment,Medium (7k - 13k)
Treatment,CAUDALIE,Vine[Activ] Vitamin C Anti-Wrinkle Serum,52,4.1,"Water, Squalane*, Butylene Glycol*, Glycerin*, C14-22 Alcohols*, Ethylhexylglycerin, Ascorbyl Tetraisopalmitate, Polyacrylate Crosspolymer-6, Parfum (Fragrance), Tocopherol*, Glyceryl Stearate Se*, Palmitoyl Grape Seed Extract*, C12-20 Alkyl Glucoside*, Hydrolyzed Hyaluronic Acid , Phenylpropanol, Picea Abies Extract*, Propanediol*, Acacia Senegal Gum*, Caprylyl Glycol, Xanthan Gum, Sodium Phytate*, Citric Acid* (193/031) *. Plant Origin.",1,1,1,1,1,vine[activ]_vitamin_c_anti_wrinkle_serum,caudalie,treatment,caudalie_vine[activ]_vitamin_c_anti_wrinkle_serum,1.0,150.0,12204.0,4.0267,1.0,Treatments,52.0,2.68,1.23,"Squalane*;Butylene Glycol*;Glycerin*;C14-22 Alcohols*;Ethylhexylglycerin;Ascorbyl Tetraisopalmitate;Polyacrylate Crosspolymer-6;Parfum (Fragrance);Tocopherol*;Glyceryl Stearate Se*;Palmitoyl Grape Seed Extract*;C12-20 Alkyl Glucoside*;Hydrolyzed Hyaluronic Acid;Phenylpropanol;Picea Abies Extract*;Propanediol*;Acacia Senegal Gum*;Caprylyl Glycol;Xanthan Gum;Sodium Phytate*;Citric Acid* (193/031) *, Plant Origin,",1.0,150.0,12204.0,4.0267,1.0,Treatments,52.0,2.68,1.23,treatment,Medium (7k - 13k)
Treatment,PETER THOMAS ROTH,Un-Wrinkle Peel Pads,45,4.6,"Water, Ethoxydiglycol, Glycolic Acid, Rosa Centifolia Flower Water, Sodium Lactate, Ppg-5-Ceteth-20, Hamamelis Virginiana (Witch Hazel) Extract, Butylene Glycol, Arginine, Propylene Glycol, Salicylic Acid, Aminobutyric Acid, Retinyl Palmitate, Tocopheryl Acetate, Sodium Ascorbyl Phosphate, Alanine, Chamomilla Recutita (Matricaria) Flower Extract, Camellia Sinensis Leaf Extract, Aloe Barbadensis Leaf Juice, Citrus Limon (Lemon) Peel Extract, Zingiber Officinale (Ginger) Root Extract, Citrus Aurantifolia (Lime) Peel Extract, Citrus Aurantium Dulcis (Orange) Fruit Extract, Citrus Tangerina (Tangerine) Peel Extract, Mentha Piperita (Peppermint) Extract, Salvia Officinalis (Sage) Leaf Extract, Borago Officinalis Seed Extract, Caprylic/Capric Triglyceride, Symphytum Officinale Root Extract, Peg-8 Dimethicone, Octyldodecanol, Ascorbic Acid, Silica, Sodium Propoxyhydroxypropyl Thiosulfate Silica, Benzoic Acid, Sodium Hydroxide, Phenoxyethanol, Diazolidinyl Urea, Methylparaben, Propylparaben, Butylparaben, Ethylparaben, Isobutylparaben.",0,0,0,0,0,un_wrinkle_peel_pads,peter_thomas_roth,treatment,peter_thomas_roth_un_wrinkle_peel_pads,,,,,,,,,,"Ethoxydiglycol;Glycolic Acid;Rosa Centifolia Flower Water;Sodium Lactate;Ppg-5-Ceteth-20;Hamamelis Virginiana (Witch Hazel) Extract;Butylene Glycol;Arginine;Propylene Glycol;Salicylic Acid;Aminobutyric Acid;Retinyl Palmitate;Tocopheryl Acetate;Sodium Ascorbyl Phosphate;Alanine;Chamomilla Recutita (Matricaria) Flower Extract;Camellia Sinensis Leaf Extract;Aloe Barbadensis Leaf Juice;Citrus Limon (Lemon) Peel Extract;Zingiber Officinale (Ginger) Root Extract;Citrus Aurantifolia (Lime) Peel Extract;Citrus Aurantium Dulcis (Orange) Fruit Extract;Citrus Tangerina (Tangerine) Peel Extract;Mentha Piperita (Peppermint) Extract;Salvia Officinalis (Sage) Leaf Extract;Borago Officinalis Seed Extract;Caprylic/Capric Triglyceride;Symphytum Officinale Root Extract;Peg-8 Dimethicone;Octyldodecanol;Ascorbic Acid;Silica;Sodium Propoxyhydroxypropyl Thiosulfate Silica;Benzoic Acid;Sodium Hydroxide;Phenoxyethanol;Diazolidinyl Urea;Methylparaben;Propylparaben;Butylparaben;Ethylparaben;Isobutylparaben,",,,,,,,,,,treatment,nan
Treatment,PERRICONE MD,Vitamin C Ester Brightening Serum,69,4.5,"Water, Tetrahexyldecyl Ascorbate, Caprylyl Methicone, Hydrogenated Lecithin, Behenyl Alcohol, Benzyl Alcohol, Squalane, Rosmarinus Officinalis (Rosemary) Leaf Extract, Ferulic Acid, Simmondsia Chinensis (Jojoba) Seed Oil, Sodium Hyaluronate, Polysorbate 20, Xanthan Gum, Beta-Glucan, Fragrance, Sorbitol, Limonene, Stearyl Glycyrrhetinate, Disodium EDTA, Elaeis Guineensis (Palm) Oil, Tocotrienols, Linalool, Tocopherol, Citral, Citronellol.",1,1,1,1,1,vitamin_c_ester_brightening_serum,perricone_md,treatment,perricone_md_vitamin_c_ester_brightening_serum,0.0,403.0,8576.0,4.4839,1.0,Treatments,69.0,1.11,4.7,"Tetrahexyldecyl Ascorbate;Caprylyl Methicone;Hydrogenated Lecithin;Behenyl Alcohol;Benzyl Alcohol;Squalane;Rosmarinus Officinalis (Rosemary) Leaf Extract;Ferulic Acid;Simmondsia Chinensis (Jojoba) Seed Oil;Sodium Hyaluronate;Polysorbate 20;Xanthan Gum;Beta-Glucan;Fragrance;Sorbitol;Limonene;Stearyl Glycyrrhetinate;Disodium EDTA;Elaeis Guineensis (Palm) Oil;Tocotrienols;Linalool;Tocopherol;Citral;Citronellol,",0.0,403.0,8576.0,4.4839,1.0,Treatments,69.0,1.11,4.7,treatment,Medium (7k - 13k)
Treatment,DR. DENNIS GROSS SKINCARE,Alpha Beta® Ultra Gentle Daily Peel for Sensitive Skin,88,4.3,"-Lactic Acid: Supports natural cell turnover and cell renewal. -Mandelic Acid: Possesses anti-irritation an anti-redness properties. -Willow Bark Extract: Gently exfoliates and clears pores (contains salicylic acid). -Colloidal Oatmeal: Acts as an anti-irritant and anti-inflammatory. Step One: Water, Hamamelis Virginiana (Witch Hazel) Water, Lactic Acid, Mandelic Acid, Salix Alba (Willow) Bark Extract, Cucumis Sativus (Cucumber) Fruit Extract, Camellia Sinensis Leaf Extract, Achillea Millefolium Extract, Anthemis Nobilis Flower Extract, Cocos Nucifera (Coconut) Oil, Rose Extract, Soy Isoflavones, Rosmarinus Officinalis (Rosemary) Leaf Extract, Citrus Aurantium Bergamia (Bergamot) Fruit Extract, Citrus Limon (Lemon) Fruit Extract, Prunus Persica (Peach) Fruit Extract, Aniba Rosaeodora (Rosewood) Wood Extract, Jasminum Officinale (Jasmine) Flower Extract, Coriandrum Sativum (Coriander) Seed Extract, Cupressus Sempervirens Seed Extract, Fucus Vesiculosus Extract, Vanilla Planifolia Fruit Extract, Copper PCA, Zinc PCA, Lavandula Angustifolia (Lavender) Extract, Caprylic/Capric Triglyceride, Polysorbate 20, Alcohol Denat., Disodium EDTA, Potassium Hydroxide, Phenoxyethanol, Sodium Benzoate. Step Two: Water, Caprylic/Capric Triglyceride, Polysorbate 20, Sodium Hyaluronate, Colloidal Oatmeal, Camellia Sinensis Leaf Extract, Centella Asiatica Extract, Retinyl Palmitate, Tocopheryl Acetate, Ascorbyl Palmitate, Soy Isoflavones, Phospholipids, Resveratrol, Ubiquinone, Achillea Millefolium Extract, Raphanus Sativus (Radish) Root Extract, Copper PCA, Sodium PCA, Zinc PCA, Lecithin, Octoxynol-9, Simethicone, Tetrasodium EDTA, Polysorbate 80, Sodium Bicarbonate, Phenoxyethanol, Sodium Benzoate.",0,0,0,0,1,alpha_beta_ultra_gentle_daily_peel_for_sensitive_skin,dr._dennis_gross_skincare,treatment,dr._dennis_gross_skincare_alpha_beta_ultra_gentle_daily_peel_for_sensitive_skin,,,,,,,,,,"-Lactic Acid: Supports natural cell turnover and cell renewal, -Mandelic Acid: Possesses anti-irritation an anti-redness properties, -Willow Bark Extract: Gently exfoliates and clears pores (contains salicylic acid), -Colloidal Oatmeal: Acts as an anti-irritant and anti-inflammatory, Step One: Water;Hamamelis Virginiana (Witch Hazel) Water;Lactic Acid;Mandelic Acid;Salix Alba (Willow) Bark Extract;Cucumis Sativus (Cucumber) Fruit Extract;Camellia Sinensis Leaf Extract;Achillea Millefolium Extract;Anthemis Nobilis Flower Extract;Cocos Nucifera (Coconut) Oil;Rose Extract;Soy Isoflavones;Rosmarinus Officinalis (Rosemary) Leaf Extract;Citrus Aurantium Bergamia (Bergamot) Fruit Extract;Citrus Limon (Lemon) Fruit Extract;Prunus Persica (Peach) Fruit Extract;Aniba Rosaeodora (Rosewood) Wood Extract;Jasminum Officinale (Jasmine) Flower Extract;Coriandrum Sativum (Coriander) Seed Extract;Cupressus Sempervirens Seed Extract;Fucus Vesiculosus Extract;Vanilla Planifolia Fruit Extract;Copper PCA;Zinc PCA;Lavandula Angustifolia (Lavender) Extract;Caprylic/Capric Triglyceride;Polysorbate 20;Alcohol Denat,;Disodium EDTA;Potassium Hydroxide;Phenoxyethanol;Sodium Benzoate, Step Two: Water;Caprylic/Capric Triglyceride;Polysorbate 20;Sodium Hyaluronate;Colloidal Oatmeal;Camellia Sinensis Leaf Extract;Centella Asiatica Extract;Retinyl Palmitate;Tocopheryl Acetate;Ascorbyl Palmitate;Soy Isoflavones;Phospholipids;Resveratrol;Ubiquinone;Achillea Millefolium Extract;Raphanus Sativus (Radish) Root Extract;Copper PCA;Sodium PCA;Zinc PCA;Lecithin;Octoxynol-9;Simethicone;Tetrasodium EDTA;Polysorbate 80;Sodium Bicarbonate;Phenoxyethanol;Sodium Benzoate,",0.0,151.0,9535.0,4.3775,,,,2.9,1.58,treatment,nan
Treatment,IT COSMETICS,Bye Bye Breakout™ Full-Coverage Concealer,28,3.9,"Cyclopentasiloxane, Water, Dimethicone/Vinyl Dimethicone Crosspolymer, Peg/Ppg-18/18 Dimethicone, Isododecane, Silica, Propanediol, Dimethicone, Lauryl Peg/Ppg-18/18 Methicone, Polysilicone-11, Peg-10 Dimethicone, Magnesium Aluminum Silicate, Sodium Chloride, Polyglyceryl-4 Isostearate, Butylene Glycol, Decyl Glucoside, Cetyl Peg/Ppg-10/1 Dimethicone, Disteardimonium Hectorite, Methicone, Hexyl Laurate, Melaleuca Alternifolia (Tea Tree) Leaf Water, Zinc Oxide, Rubus Idaeus (Raspberry) Fruit Extract, Gentiana Lutea Root Extract, Saccharum Officinarum (Sugar Cane) Extract, Lithospermum Erythrorhizon Root Extract, Colloidal Oatmeal, Sodium Hyaluronate, Caprylic/Capric Triglyceride, Glycolic Acid, Salicylic Acid, Allyl Methacrylates Crosspolymer, Kaolin, Hydrolyzed Collagen, Hydrolyzed Silk, Acetyl Octapeptide-3, Acetyl Hexapeptide-8, Sulfur, Retinyl Palmitate, Ascorbyl Palmitate, Tocopheryl Acetate, Glycerin, Caprylyl Glycol, Beta-Glucan, Camellia Sinensis Leaf Extract, Aloe Barbadensis Leaf Extract, Cucumis Sativus (Cucumber) Fruit Extract, Glycyrrhiza Glabra (Licorice) Root Extract, Chamomilla Recutita (Matricaria) Flower Extract, Hamamelis Virginiana (Witch Hazel) Leaf Extract, Calendula Officinalis Flower Extract, Salix Alba (Willow) Bark Extract, Mentha Viridis (Spearmint) Leaf Extract, Curcuma Longa (Turmeric) Root Extract, C12-15 Alkyl Benzoate, Tribehenin, Ceramide Ng, Peg-10 Rapeseed Sterol, Palmitoyl Hexapeptide-12, Steareth-20, N-Hydroxysuccinimide, Chrysin, Palmitoyl Tripeptide-1, Palmitoyl Tetrapeptide-7, Magnolia Acuminata Bark Extract, Chrysanthemum Parthenium (Feverfew) Extract, Agaricus Bisporus Extract, Potassium Sorbate, Phenoxyethanol, Ethylhexylglycerin, [+/-: Titanium Dioxide (Ci 77891), Iron Oxides (Ci 77492, Ci 77491, Ci 77499)].",1,1,1,1,1,bye_bye_breakout_full_coverage_concealer,it_cosmetics,treatment,it_cosmetics_bye_bye_breakout_full_coverage_concealer,,,,,,,,,,"Cyclopentasiloxane;Dimethicone/Vinyl Dimethicone Crosspolymer;Peg/Ppg-18/18 Dimethicone;Isododecane;Silica;Propanediol;Dimethicone;Lauryl Peg/Ppg-18/18 Methicone;Polysilicone-11;Peg-10 Dimethicone;Magnesium Aluminum Silicate;Sodium Chloride;Polyglyceryl-4 Isostearate;Butylene Glycol;Decyl Glucoside;Cetyl Peg/Ppg-10/1 Dimethicone;Disteardimonium Hectorite;Methicone;Hexyl Laurate;Melaleuca Alternifolia (Tea Tree) Leaf Water;Zinc Oxide;Rubus Idaeus (Raspberry) Fruit Extract;Gentiana Lutea Root Extract;Saccharum Officinarum (Sugar Cane) Extract;Lithospermum Erythrorhizon Root Extract;Colloidal Oatmeal;Sodium Hyaluronate;Caprylic/Capric Triglyceride;Glycolic Acid;Salicylic Acid;Allyl Methacrylates Crosspolymer;Kaolin;Hydrolyzed Collagen;Hydrolyzed Silk;Acetyl Octapeptide-3;Acetyl Hexapeptide-8;Sulfur;Retinyl Palmitate;Ascorbyl Palmitate;Tocopheryl Acetate;Glycerin;Caprylyl Glycol;Beta-Glucan;Camellia Sinensis Leaf Extract;Aloe Barbadensis Leaf Extract;Cucumis Sativus (Cucumber) Fruit Extract;Glycyrrhiza Glabra (Licorice) Root Extract;Chamomilla Recutita (Matricaria) Flower Extract;Hamamelis Virginiana (Witch Hazel) Leaf Extract;Calendula Officinalis Flower Extract;Salix Alba (Willow) Bark Extract;Mentha Viridis (Spearmint) Leaf Extract;Curcuma Longa (Turmeric) Root Extract;C12-15 Alkyl Benzoate;Tribehenin;Ceramide Ng;Peg-10 Rapeseed Sterol;Palmitoyl Hexapeptide-12;Steareth-20;N-Hydroxysuccinimide;Chrysin;Palmitoyl Tripeptide-1;Palmitoyl Tetrapeptide-7;Magnolia Acuminata Bark Extract;Chrysanthemum Parthenium (Feverfew) Extract;Agaricus Bisporus Extract;Potassium Sorbate;Phenoxyethanol;Ethylhexylglycerin;[+/-: Titanium Dioxide (Ci 77891);Iron Oxides (Ci 77492;Ci 77491;Ci 77499)],",0.0,340.0,34016.0,3.9,0.35,,80.0,1.15,1.0,treatment,nan
Treatment,KATE SOMERVILLE,D-Scar™ Scar Diminishing Serum,48,4.2,"Water, Caprylic/Capric Triglyceride, Divinyldimethicone/Dimethicone Copolymer, Cetearyl Alcohol, Dimethicone, Glycerin, Propanediol, Cyclopentasiloxane, Sodium Ascorbyl Glucoside, Bis-PEG/PPG-20/5 PEG/PPG-20/5 Dimethicone, Methoxy PEG/PPG-25/4 Dimethicone, Glyceryl Stearate, sh-Polypeptide-7, Sodium Chloride, Sodium Phosphate, Disodium EDTA, Ammonium Acryloyldimethyltaurate/VP Copolymer, Dimethiconol, Cyclohexasiloxane, Glucosamine HCl, Tocopheryl Acetate, Allantoin, Portulaca Oleracea Extract, Butylene Glycol, Elaeis Guineensis (Palm) Oil, Tocotrienols, Pisum Sativum (Pea) Extract, Bambusa Vulgaris Extract, C12-13 Pareth-23, C12-13 Pareth-3, Tocopherol, Xanthan Gum, Protease, Sodium Hydroxide, Hippophae Rhamnoides Fruit Extract, Maltodextrin Ethylhexylglycerin, Phenoxyethanol.",1,1,1,1,1,d_scar_scar_diminishing_serum,kate_somerville,treatment,kate_somerville_d_scar_scar_diminishing_serum,,,,,,,,,,"Caprylic/Capric Triglyceride;Divinyldimethicone/Dimethicone Copolymer;Cetearyl Alcohol;Dimethicone;Glycerin;Propanediol;Cyclopentasiloxane;Sodium Ascorbyl Glucoside;Bis-PEG/PPG-20/5 PEG/PPG-20/5 Dimethicone;Methoxy PEG/PPG-25/4 Dimethicone;Glyceryl Stearate;sh-Polypeptide-7;Sodium Chloride;Sodium Phosphate;Disodium EDTA;Ammonium Acryloyldimethyltaurate/VP Copolymer;Dimethiconol;Cyclohexasiloxane;Glucosamine HCl;Tocopheryl Acetate;Allantoin;Portulaca Oleracea Extract;Butylene Glycol;Elaeis Guineensis (Palm) Oil;Tocotrienols;Pisum Sativum (Pea) Extract;Bambusa Vulgaris Extract;C12-13 Pareth-23;C12-13 Pareth-3;Tocopherol;Xanthan Gum;Protease;Sodium Hydroxide;Hippophae Rhamnoides Fruit Extract;Maltodextrin Ethylhexylglycerin;Phenoxyethanol,",0.0,368.0,25786.0,4.144,0.66,,72.73,1.13,1.43,treatment,nan
Treatment,PHILOSOPHY,The Microdelivery Resurfacing Peel,72,4.7,"The Microdelivery Peel Step I: Peg-6, Sodium Bicarbonate, Oleth-20, Glyceryl Stearate Se, Silica, Magnesium Ascorbyl Phosphate, Tocopheryl Acetate, Retinyl Palmitate, Ethylhexyl Palmitate, Citrus Aurantium Dulcis (Orange) Oil, Tribehenin, Sorbitan Isostearate, Palmitoyl Oligopeptide, Beta-Carotene, Isopropylparaben, Isobutylparaben, Butylparaben, Methylparaben, Propylparaben. The Microdelivery Peel Step II: Water, Lactic Acid, Hydroxyethylcellulose, Linoleamidopropyl Pg-Dimonium Chloride Phosphate, Salicylic Acid, Polyquaternium-10, Propylene Glycol, Diazolidinyl Urea, Methylparaben, Propylparaben.",0,0,0,0,0,the_microdelivery_resurfacing_peel,philosophy,treatment,philosophy_the_microdelivery_resurfacing_peel,0.0,1000.0,32049.0,4.6988,,Treatments,,0.47,3.12,"The Microdelivery Peel Step I: Peg-6;Sodium Bicarbonate;Oleth-20;Glyceryl Stearate Se;Silica;Magnesium Ascorbyl Phosphate;Tocopheryl Acetate;Retinyl Palmitate;Ethylhexyl Palmitate;Citrus Aurantium Dulcis (Orange) Oil;Tribehenin;Sorbitan Isostearate;Palmitoyl Oligopeptide;Beta-Carotene;Isopropylparaben;Isobutylparaben;Butylparaben;Methylparaben;Propylparaben, The Microdelivery Peel Step II: Water;Lactic Acid;Hydroxyethylcellulose;Linoleamidopropyl Pg-Dimonium Chloride Phosphate;Salicylic Acid;Polyquaternium-10;Propylene Glycol;Diazolidinyl Urea;Methylparaben;Propylparaben,",0.0,1000.0,32049.0,4.6988,,Treatments,,0.47,3.12,treatment,Very High (26k - 193k)
Treatment,JOSIE MARAN,Pure Argan Milk™ Intensive Hydrating Treatment,56,4.0,Water** (and) Argania Spinosa (Argan) Kernel Oil* (and) Propanediol** (and) Glyceryl Caprylate** (and) Glyceryl Undecylenate** (and) Phosphatidylglycerol** (and) Sodium Benzoate** (and) Xanthan Gum** (and) Citric Acid**. *Organic. **Natural.,1,1,0,0,1,pure_argan_milk_intensive_hydrating_treatment,josie_maran,treatment,josie_maran_pure_argan_milk_intensive_hydrating_treatment,,,,,,,,,,"Water** (and) Argania Spinosa (Argan) Kernel Oil* (and) Propanediol** (and) Glyceryl Caprylate** (and) Glyceryl Undecylenate** (and) Phosphatidylglycerol** (and) Sodium Benzoate** (and) Xanthan Gum** (and) Citric Acid**, *Organic, **Natural,",1.0,988.0,32303.0,4.0445,1.0,,56.0,0.41,3.06,treatment,nan
Treatment,SUNDAY RILEY,Saturn Sulfur Acne Treatment Mask,55,4.3,"Water, Sulfur, Isoamyl Laurate, Cetyl Ethylhexanoate, Niacinamide, Gum Arabic, Bentonite, Hydroxyethyl Acrylate/Sodium Acryloyldimethyl Taurate Copolymer, Polyglyceryl-2 Caprate, Olive Oil Glyceryth-8 Esters, Zinc PCA, Allantoin, Dipotassium Glycyrrhizate,, Melaleuca Alternifolia (Tea Tree) Leaf Oil, Leptospermum Scoparium (Manuka) Branch/Leaf Oil, Curcuma Longa (Turmeric) Root Extract, Corallina Officinalis Extract, Melia Azadirachta Leaf Extract, Amber Powder, Melia Azadirachta Flower Extract, Coccinia Indica Fruit Extract, Solanum Melongena (Eggplant) Leaf Extract, Ocimum Basilicum (Basil) Flower/Leaf Extract, Quartz, Polysorbate 60, Sorbitan Isostearate, Tocopherol, Disodium EDTA, Phenoxyethanol, Polysorbate 20, Alcohol Denat., Chlorphenesin, PEG-40 Hydrogenated Castor Oil, Caprylyl Glycol.",1,1,1,1,1,saturn_sulfur_acne_treatment_mask,sunday_riley,treatment,sunday_riley_saturn_sulfur_acne_treatment_mask,0.0,346.0,26857.0,4.2197,2.0,Treatments,27.5,1.22,1.29,"Sulfur;Isoamyl Laurate;Cetyl Ethylhexanoate;Niacinamide;Gum Arabic;Bentonite;Hydroxyethyl Acrylate/Sodium Acryloyldimethyl Taurate Copolymer;Polyglyceryl-2 Caprate;Olive Oil Glyceryth-8 Esters;Zinc PCA;Allantoin;Dipotassium Glycyrrhizate;Melaleuca Alternifolia (Tea Tree) Leaf Oil;Leptospermum Scoparium (Manuka) Branch/Leaf Oil;Curcuma Longa (Turmeric) Root Extract;Corallina Officinalis Extract;Melia Azadirachta Leaf Extract;Amber Powder;Melia Azadirachta Flower Extract;Coccinia Indica Fruit Extract;Solanum Melongena (Eggplant) Leaf Extract;Ocimum Basilicum (Basil) Flower/Leaf Extract;Quartz;Polysorbate 60;Sorbitan Isostearate;Tocopherol;Disodium EDTA;Phenoxyethanol;Polysorbate 20;Alcohol Denat,;Chlorphenesin;PEG-40 Hydrogenated Castor Oil;Caprylyl Glycol,",0.0,346.0,26857.0,4.2197,2.0,Treatments,27.5,1.22,1.29,treatment,Very High (26k - 193k)
Treatment,CAUDALIE,Premier Cru Serum,150,4.1,"Polyphenols, Viniferine, Vine Resveratrol, Vinergy Complex, Vine Resveratrol, Micro Hylaronic Acid Complex, Grape-Seed Polyphenols, Vinolevure, Macro Hyluronic Acid, White Peony Extract.",1,1,1,1,1,premier_cru_serum,caudalie,treatment,caudalie_premier_cru_serum,1.0,78.0,5565.0,4.0769,1.0,Treatments,150.0,5.23,1.4,"Polyphenols;Viniferine;Vine Resveratrol;Vinergy Complex;Vine Resveratrol;Micro Hylaronic Acid Complex;Grape-Seed Polyphenols;Vinolevure;Macro Hyluronic Acid;White Peony Extract,",1.0,78.0,5565.0,4.0769,1.0,Treatments,150.0,5.23,1.4,treatment,Low (3k - 7k)
Treatment,GUERLAIN,Abeille Royale Daily Repair Serum,150,3.6,#NAME?,0,0,0,0,0,abeille_royale_daily_repair_serum,guerlain,treatment,guerlain_abeille_royale_daily_repair_serum,0.0,18.0,4043.0,3.7222,1.0,Treatments,150.0,20.68,0.45,#NAME?,0.0,18.0,4043.0,3.7222,1.0,Treatments,150.0,20.68,0.45,treatment,Low (3k - 7k)
Treatment,HUM NUTRITION,Daily Cleanse™ Clear Skin and Breakout Supplement,25,4.0,"Zinc, Selenium, Copper, Manganese, Organic Chlorella, Spirulina, MSM, Beet Root Powder, Red Clover Extract, Dandelion Leaf, Oregon Grape Root, Milk Thistle Extract, Matcha Green Tea, Alpha Lipoic Acid.",0,0,0,0,0,daily_cleanse_clear_skin_and_breakout_supplement,hum_nutrition,treatment,hum_nutrition_daily_cleanse_clear_skin_and_breakout_supplement,,,,,,,,,,"Zinc;Selenium;Copper;Manganese;Organic Chlorella;Spirulina;MSM;Beet Root Powder;Red Clover Extract;Dandelion Leaf;Oregon Grape Root;Milk Thistle Extract;Matcha Green Tea;Alpha Lipoic Acid,",0.0,331.0,30822.0,4.0121,,Treatments,,1.21,1.07,treatment,nan
Treatment,CLINIQUE,Acne Solutions Clinical Clearing Gel,27,4.2,"Alcohol Denat. , Water , Acrylates/C10-30 Alkyl Acrylate Crosspolymer , Hamamelis Virginiana (Witch Hazel) , Laminaria Saccharina Extract , Sea Whip Extract , Butylene Glycol , Benzalkonium Chloride",1,1,1,1,0,acne_solutions_clinical_clearing_gel,clinique,treatment,clinique_acne_solutions_clinical_clearing_gel,0.0,748.0,39082.0,4.2139,1.0,Treatments,27.0,0.56,1.91,"Alcohol Denat,;Acrylates/C10-30 Alkyl Acrylate Crosspolymer;Hamamelis Virginiana (Witch Hazel);Laminaria Saccharina Extract;Sea Whip Extract;Butylene Glycol;Benzalkonium Chloride",0.0,748.0,39082.0,4.2139,1.0,Treatments,27.0,0.56,1.91,treatment,Very High (26k - 193k)
Treatment,DR. JART+,Cicapair™ Tiger Grass Camo Drops,46,4.1,"Cyclopentasiloxane, Centella Asiatica Extract, Isononyl Isononanoate, Polypropylsilsesquioxane, Cyclohexasiloxane, Butylene Glycol, Titanium Dioxide, Octinoxate, Zinc Oxide, Phenyl Trimethicone, Lauryl PEG-9 Polydimethylsiloxyethyl Dimethicone, Glycerin, Titanium Dioxide (CI 77891), Polyglyceryl-3 Polyricinoleate, Niacinamide, Polymethylsilsesquioxane, Mica (CI 77019), Dimethicone, Methyl Methacrylate Crosspolymer, Water, Dimethicone/Vinyl Dimethicone Crosspolymer, Diethylhexyl Carbonate, Diglycerin, Sodium Chloride, Disteardimonium Hectorite, Panthenol, Polyglyceryl-2 Triisostearate, Iron Oxides (CI 77492), Sorbitan Sesquioleate, Aluminum Hydroxide, Stearic Acid, Triethyl Citrate, Triethoxycaprylylsilane, Acrylates/Ammonium Methacrylate Copolymer, Sodium Benzoate, Acrylates/Dimethicone Copolymer, Iron Oxides (CI 77491), Chromium Oxide Greens, Potassium Sorbate, Beeswax, Diatomaceous Earth, Silica, Disodium EDTA, Adenosine, Asiaticoside, Hydrogenated Lecithin, Lavandula Angustifolia (Lavender) Oil, Boron Nitride, Boron Nitride, Asiatic Acid, Citrus Grandis (Grapefruit) Peel Oil, Rosmarinus Officinalis (Rosemary) Leaf Oil, Theobroma Cacao (Cocoa) Seed Extract, Centella Asiatica Leaf Water, Helianthus Annuus (Sunflower) Seed Oil, Houttuynia Cordata Extract, Octyldodecanol, Propanediol, Alcohol, Caprylic/Capric Triglyceride, Centella Asiatica Meristem Cell Culture, Phenoxyethanol, Anthemis Nobilis Flower Oil, Lecithin, Polyglyceryl-10 Oleate, Copper Chlorophyll, Chlorella Vulgaris Extract, Achillea Millefolium Extract, Artemisia Absinthium Extract, Arnica Montana Flower Extract, Gentiana Lutea Root Extract, Aniba Rosaeodora (Rosewood) Wood Oil, Sodium Glycerophosphate, Ethylhexylglycerin, Madecassoside, Selaginella Lepidophylla Extract, Potassium Magnesium Aspartate, Citric Acid, Magnesium Gluconate, Calcium Gluconate, Xanthan Gum, Beta-Carotene.",1,1,1,1,1,cicapair_tiger_grass_camo_drops,dr._jart,treatment,dr._jart_cicapair_tiger_grass_camo_drops,,,,,,,,,,"Cyclopentasiloxane;Centella Asiatica Extract;Isononyl Isononanoate;Polypropylsilsesquioxane;Cyclohexasiloxane;Butylene Glycol;Titanium Dioxide;Octinoxate;Zinc Oxide;Phenyl Trimethicone;Lauryl PEG-9 Polydimethylsiloxyethyl Dimethicone;Glycerin;Titanium Dioxide (CI 77891);Polyglyceryl-3 Polyricinoleate;Niacinamide;Polymethylsilsesquioxane;Mica (CI 77019);Dimethicone;Methyl Methacrylate Crosspolymer;Dimethicone/Vinyl Dimethicone Crosspolymer;Diethylhexyl Carbonate;Diglycerin;Sodium Chloride;Disteardimonium Hectorite;Panthenol;Polyglyceryl-2 Triisostearate;Iron Oxides (CI 77492);Sorbitan Sesquioleate;Aluminum Hydroxide;Stearic Acid;Triethyl Citrate;Triethoxycaprylylsilane;Acrylates/Ammonium Methacrylate Copolymer;Sodium Benzoate;Acrylates/Dimethicone Copolymer;Iron Oxides (CI 77491);Chromium Oxide Greens;Potassium Sorbate;Beeswax;Diatomaceous Earth;Silica;Disodium EDTA;Adenosine;Asiaticoside;Hydrogenated Lecithin;Lavandula Angustifolia (Lavender) Oil;Boron Nitride;Boron Nitride;Asiatic Acid;Citrus Grandis (Grapefruit) Peel Oil;Rosmarinus Officinalis (Rosemary) Leaf Oil;Theobroma Cacao (Cocoa) Seed Extract;Centella Asiatica Leaf Water;Helianthus Annuus (Sunflower) Seed Oil;Houttuynia Cordata Extract;Octyldodecanol;Propanediol;Alcohol;Caprylic/Capric Triglyceride;Centella Asiatica Meristem Cell Culture;Phenoxyethanol;Anthemis Nobilis Flower Oil;Lecithin;Polyglyceryl-10 Oleate;Copper Chlorophyll;Chlorella Vulgaris Extract;Achillea Millefolium Extract;Artemisia Absinthium Extract;Arnica Montana Flower Extract;Gentiana Lutea Root Extract;Aniba Rosaeodora (Rosewood) Wood Oil;Sodium Glycerophosphate;Ethylhexylglycerin;Madecassoside;Selaginella Lepidophylla Extract;Potassium Magnesium Aspartate;Citric Acid;Magnesium Gluconate;Calcium Gluconate;Xanthan Gum;Beta-Carotene,",0.0,587.0,30709.0,4.3509,1.7,,28.24,0.74,1.91,treatment,nan
Treatment,TATCHA,Luminous Deep Hydration Firming Serum,95,3.8,"Water, Glycerin, Propanediol, Chondrus Crispus (Red Algae) Extract, Alcohol, Methyl Gluceth-¬‐20, Polyglyceryl-¬‐10 Eicosanedioate/Tetradecanedioate, Camellia Sinensis Leaf (Green Tea) Extract, Gold, Algae Extract, Sodium Hyaluronate, Carrageenan (Red Algae Origin), Lycium Barbarum Fruit Extract, Stearyl Glycyrrhetinate (Licorice Extract), Inositol (Rice Extract), Royal Jelly Extract, Sericin (Silk Extract), Squalane (Olive Derived), Chamomilla Recutita (Matricaria) Flower Extract, Hydrogenated Lecithin (Soy Derived), Xanthan Gum, Hydroxyethylcellulose, Silica, Sodium Dilauramidoglutamide Lysine, Titanium Dioxide, Synthetic Fluorphlogopite, Polyglyceryl-¬‐10 Myristate, Disodium Edta, Hdi/Trimethylol Hexyllactone Crosspolymer, Ethylhexylglycerin, Fragrance (Natural), Phenoxyethanol.",0,0,0,0,0,luminous_deep_hydration_firming_serum,tatcha,treatment,tatcha_luminous_deep_hydration_firming_serum,1.0,94.0,14575.0,3.7872,1.0,Treatments,95.0,4.03,0.64,"Glycerin;Propanediol;Chondrus Crispus (Red Algae) Extract;Alcohol;Methyl Gluceth-¬‐20;Polyglyceryl-¬‐10 Eicosanedioate/Tetradecanedioate;Camellia Sinensis Leaf (Green Tea) Extract;Gold;Algae Extract;Sodium Hyaluronate;Carrageenan (Red Algae Origin);Lycium Barbarum Fruit Extract;Stearyl Glycyrrhetinate (Licorice Extract);Inositol (Rice Extract);Royal Jelly Extract;Sericin (Silk Extract);Squalane (Olive Derived);Chamomilla Recutita (Matricaria) Flower Extract;Hydrogenated Lecithin (Soy Derived);Xanthan Gum;Hydroxyethylcellulose;Silica;Sodium Dilauramidoglutamide Lysine;Titanium Dioxide;Synthetic Fluorphlogopite;Polyglyceryl-¬‐10 Myristate;Disodium Edta;Hdi/Trimethylol Hexyllactone Crosspolymer;Ethylhexylglycerin;Fragrance (Natural);Phenoxyethanol,",1.0,94.0,14575.0,3.7872,1.0,Treatments,95.0,4.03,0.64,treatment,High (13k - 26k)
Treatment,KORRES,Wild Rose 15% Vitamin C Spotless Serum,75,3.9,"Water, Caprylic/Capric Triglyceride, Ascorbyl Tetraisopalmitate, Rosa Canina Fruit Oil, Glycerin, Squalane, Ethylhexyl Methoxycinnamate, Tocopheryl Acetate, Bisabolol, Butyl Methoxydibenzoylmethane, Citronellol, Ethylhexyl Salicylate, Ethylhexylglycerin, Geraniol, Helianthus Annuus (Sunflower) Seed Oil, Hydrolyzed Algae Extract, Lactic Acid, Lonicera Caprifolium (Honeysuckle) Flower Extract, Lonicera Japonica (Honeysuckle) Flower Extract, Melia Azadirachta Extract, Moringa Pterygosperma Seed Oil, Pancratium Maritimum Extract, Panthenol, Potassium Sorbate, Rosa Damascena Flower Oil, Rosmarinus Officinalis (Rosemary) Extract, Sodium Benzoate, Sodium Chloride, Tocopherol, Zingiber Officinale (Ginger) Root Extract.",1,1,1,1,1,wild_rose_15_vitamin_c_spotless_serum,korres,treatment,korres_wild_rose_15_vitamin_c_spotless_serum,1.0,79.0,10205.0,3.8987,1.01,Treatments,74.26,4.94,0.77,"Caprylic/Capric Triglyceride;Ascorbyl Tetraisopalmitate;Rosa Canina Fruit Oil;Glycerin;Squalane;Ethylhexyl Methoxycinnamate;Tocopheryl Acetate;Bisabolol;Butyl Methoxydibenzoylmethane;Citronellol;Ethylhexyl Salicylate;Ethylhexylglycerin;Geraniol;Helianthus Annuus (Sunflower) Seed Oil;Hydrolyzed Algae Extract;Lactic Acid;Lonicera Caprifolium (Honeysuckle) Flower Extract;Lonicera Japonica (Honeysuckle) Flower Extract;Melia Azadirachta Extract;Moringa Pterygosperma Seed Oil;Pancratium Maritimum Extract;Panthenol;Potassium Sorbate;Rosa Damascena Flower Oil;Rosmarinus Officinalis (Rosemary) Extract;Sodium Benzoate;Sodium Chloride;Tocopherol;Zingiber Officinale (Ginger) Root Extract,",1.0,79.0,10205.0,3.8987,1.01,Treatments,74.26,4.94,0.77,treatment,Medium (7k - 13k)
Treatment,ALGENIST,ELEVATE Advanced Retinol Serum,98,4.8,"Water, Dimethicone, Glycerin, Butylene Glycol, Pentylene Glycol, Polymethyl Methacrylate, Dimethicone Crosspolymer, Retinol, Parachlorella Beijerinckii Exopolysaccharides, Dunaliella Salina Extract, Ceramide NP, Myristoyl Nonapeptide-3, Palmitoyl Tripeptide-1, Palmitoyl Tetrapeptide-7, Acetyl Dipeptide-1 Cetyl Ester, Glycine Soja (Soybean) Extract, Tocopherol, Squalane, Acrylates/C10-30 Alkyl Acrylate Crosspolymer, Caprylic/Capric Triglyceride, Hydroxyethyl Acrylate/Sodium Acryloyldimethyl Taurate Copolymer, Sodium PCA, Polysorbate 20, Dipotassium Glycyrrhizate, Sorbitan Laurate, Dimethicone/PEG-10/15 Crosspolymer, Sodium Hydroxide, Cetyl Palmitate, Hydrogenated Polydecene, Laureth-23, Polysorbate 60, Disodium EDTA, Hydroxyethylcellulose, Carbomer, Sodium Lactate, Sorbitan Isostearate, Trideceth-6 Phosphate, Dipropylene Glycol, Sodium Citrate, Mica, Caprylyl Glycol, Chlorphenesin, Phenoxyethanol, Fragrance, Linalool, Titanium Dioxide (CI77891).",1,1,1,0,0,elevate_advanced_retinol_serum,algenist,treatment,algenist_elevate_advanced_retinol_serum,0.0,16.0,2173.0,4.9375,1.0,Treatments,98.0,30.86,0.74,"Dimethicone;Glycerin;Butylene Glycol;Pentylene Glycol;Polymethyl Methacrylate;Dimethicone Crosspolymer;Retinol;Parachlorella Beijerinckii Exopolysaccharides;Dunaliella Salina Extract;Ceramide NP;Myristoyl Nonapeptide-3;Palmitoyl Tripeptide-1;Palmitoyl Tetrapeptide-7;Acetyl Dipeptide-1 Cetyl Ester;Glycine Soja (Soybean) Extract;Tocopherol;Squalane;Acrylates/C10-30 Alkyl Acrylate Crosspolymer;Caprylic/Capric Triglyceride;Hydroxyethyl Acrylate/Sodium Acryloyldimethyl Taurate Copolymer;Sodium PCA;Polysorbate 20;Dipotassium Glycyrrhizate;Sorbitan Laurate;Dimethicone/PEG-10/15 Crosspolymer;Sodium Hydroxide;Cetyl Palmitate;Hydrogenated Polydecene;Laureth-23;Polysorbate 60;Disodium EDTA;Hydroxyethylcellulose;Carbomer;Sodium Lactate;Sorbitan Isostearate;Trideceth-6 Phosphate;Dipropylene Glycol;Sodium Citrate;Mica;Caprylyl Glycol;Chlorphenesin;Phenoxyethanol;Fragrance;Linalool;Titanium Dioxide (CI77891),",0.0,16.0,2173.0,4.9375,1.0,Treatments,98.0,30.86,0.74,treatment,Very Low (0 - 3k)
Treatment,DIOR,Capture Totale Dreamskin Advanced Refill,128,5.0,Visit the Dior boutique,1,1,1,1,1,capture_totale_dreamskin_advanced_refill,dior,treatment,dior_capture_totale_dreamskin_advanced_refill,0.0,11.0,3380.0,4.9091,1.7,Treatments,75.29,44.63,0.33,Visit the Dior boutique,0.0,11.0,3380.0,4.9091,1.7,Treatments,75.29,44.63,0.33,treatment,Very Low (0 - 3k)
Treatment,MURAD,Rapid Relief Acne Spot Treatment,22,4.1,"Water, Alcohol, Hamamelis Virginiana (Witch Hazel) Water, Propanediol, Pentylene Glycol, Glycerin, Silica, Butylene Glycol, Polyacrylate Crosspolymer-6, C12-15 Alkyl Lactate, Aesculus Hippocastanum (Horse Chestnut) Seed Extract, Avena Sativa (Oat) Kernel Extract, Urea, Yeast Amino Acids, Trehalose, Inositol, Taurine, Betaine, Thymol, Terpineol, Hydroxyphenyl Propamidobenzoic Acid, Shea Butter Ethyl Esters, 4-t-Butylcyclohexanol, Disodium EDTA, Sodium Hydroxide.",1,0,0,1,0,rapid_relief_acne_spot_treatment,murad,treatment,murad_rapid_relief_acne_spot_treatment,0.0,240.0,13635.0,4.0375,0.5,Treatments,44.0,1.68,1.76,"Alcohol;Hamamelis Virginiana (Witch Hazel) Water;Propanediol;Pentylene Glycol;Glycerin;Silica;Butylene Glycol;Polyacrylate Crosspolymer-6;C12-15 Alkyl Lactate;Aesculus Hippocastanum (Horse Chestnut) Seed Extract;Avena Sativa (Oat) Kernel Extract;Urea;Yeast Amino Acids;Trehalose;Inositol;Taurine;Betaine;Thymol;Terpineol;Hydroxyphenyl Propamidobenzoic Acid;Shea Butter Ethyl Esters;4-t-Butylcyclohexanol;Disodium EDTA;Sodium Hydroxide,",0.0,240.0,13635.0,4.0375,0.5,Treatments,44.0,1.68,1.76,treatment,High (13k - 26k)
Treatment,BIOEFFECT,30 Day Treatment,290,5.0,"Glycerin, Water, Sodium Hyaluronate, Tromethamine, Sodium Chloride, Hordeum Vulgare Seed Extract, EGF (Barley Sh-Oligopeptide-1), Il-1a (Barley Sh-Polypeptide-17), KGF (Barley Sh-Polypeptide-3).",1,1,1,1,1,30_day_treatment,bioeffect,treatment,bioeffect_30_day_treatment,0.0,12.0,1044.0,4.0,,Treatments,,33.33,1.15,"Glycerin;Sodium Hyaluronate;Tromethamine;Sodium Chloride;Hordeum Vulgare Seed Extract;EGF (Barley Sh-Oligopeptide-1);Il-1a (Barley Sh-Polypeptide-17);KGF (Barley Sh-Polypeptide-3),",0.0,12.0,1044.0,4.0,,Treatments,,33.33,1.15,treatment,Very Low (0 - 3k)
Treatment,TATA HARPER,Rejuvenating Serum,110,3.7,"Aloe barbadensis Leaf Juice*, Water, Mangifera Indica (Mango) Seed Butter, Rosa damascena Flower Water*, Caprylic/Capric Triglyceride, Olea Europaea (Olive) Oil*, Galactoarabinan, Glycerin, Cetearyl alcohol, Carthamus tinctorius (safflower) Oleosomes*, Oryza sativa (Rice) Extract*, Cetearyl Olivate, Centella asiatica (Gotu Kola) Extract*, Leuconostoc Ferment Filtrate, Cetearyl glucoside, Sorbitan Olivate, Rosa Rubiginosa Seed Oil*, Salix alba (Willow) Bark Extract, Sclerotium gum, Oryza sativa (Rice) Extract*, Sodium hyaluronate, Borago officinalis (Borage) Leaf Extract, Medicago sativa (Alfalfa) Extract*, Pheonix dactylifera (Date) Seed Extract, Arnica montana (Arnica) Extract*, Sodium Phytate, Spiraea Ulmaria Flower Extract*, Tilia europaea (Linden) Leaf/Flower Extract*, Calendula officinalis (Calendula) Flower Extract*, Lavandula stoechas (Spanish Lavender) Extract, Propanediol, Narcissus tazetta (Daffodil) Bulb Extract*, Sambucus Nigra Fruit Extract, Menyanthes trifoliata (Buckbean) Flower Extract, Aroma**, Citral, Citronellol, Eugenol, Geraniol, Limonene, Linalool.",1,1,1,1,1,rejuvenating_serum,tata_harper,treatment,tata_harper_rejuvenating_serum,1.0,175.0,5634.0,3.56,1.0,Treatments,110.0,2.03,3.11,"Aloe barbadensis Leaf Juice*;Mangifera Indica (Mango) Seed Butter;Rosa damascena Flower Water*;Caprylic/Capric Triglyceride;Olea Europaea (Olive) Oil*;Galactoarabinan;Glycerin;Cetearyl alcohol;Carthamus tinctorius (safflower) Oleosomes*;Oryza sativa (Rice) Extract*;Cetearyl Olivate;Centella asiatica (Gotu Kola) Extract*;Leuconostoc Ferment Filtrate;Cetearyl glucoside;Sorbitan Olivate;Rosa Rubiginosa Seed Oil*;Salix alba (Willow) Bark Extract;Sclerotium gum;Oryza sativa (Rice) Extract*;Sodium hyaluronate;Borago officinalis (Borage) Leaf Extract;Medicago sativa (Alfalfa) Extract*;Pheonix dactylifera (Date) Seed Extract;Arnica montana (Arnica) Extract*;Sodium Phytate;Spiraea Ulmaria Flower Extract*;Tilia europaea (Linden) Leaf/Flower Extract*;Calendula officinalis (Calendula) Flower Extract*;Lavandula stoechas (Spanish Lavender) Extract;Propanediol;Narcissus tazetta (Daffodil) Bulb Extract*;Sambucus Nigra Fruit Extract;Menyanthes trifoliata (Buckbean) Flower Extract;Aroma**;Citral;Citronellol;Eugenol;Geraniol;Limonene;Linalool,",1.0,175.0,5634.0,3.56,1.0,Treatments,110.0,2.03,3.11,treatment,Low (3k - 7k)
Treatment,DR. DENNIS GROSS SKINCARE,Alpha Beta® Medi–Spa Peel,64,4.5,Visit the Dr. Dennis Gross Skincare boutique,1,1,1,1,0,alpha_beta_medi–spa_peel,dr._dennis_gross_skincare,treatment,dr._dennis_gross_skincare_alpha_beta_medi–spa_peel,,,,,,,,,,"Visit the Dr, Dennis Gross Skincare boutique",0.0,112.0,9151.0,4.4911,,,,4.01,1.22,treatment,nan
Treatment,CLINIQUE,Even Better Clinical Dark Spot Corrector & Optimizer,80,3.1,"Water , Dimethicone , Butylene Glycol , Isododecane , Cyclopentasiloxane , Polysilicone-11 , Ascorbyl Glucoside , Tromethamine , Pentylene Glycol , Curcuma Longa (Turmeric) Root Extract , Morus Bombycis (Mulberry) Root Extract , Cucumis Sativus (Cucumber) Fruit Extract , Betula Alba (Birch) Bark Extract , Scutellaria Baicalensis Root Extract , Trametes Versicolor Extract , Narcissus Tazetta Bulb Extract , Triticum Vulgare (Wheat) Germ Extract , Morus Nigra (Mulberry) Root Extract , Molasses Extract/Saccharum Officinarum/Extrait De Melasse , Citrus Grandis (Grapefruit) Peel Extract , Hordeum Vulgare (Barley) Extract/Extrait D'Orge , Salicylic Acid , Oryza Sativa (Rice) Bran Extract , Algae Extract , Caffeine , Gentiana Lutea (Gentian) Root Extract , Vitis Vinifera (Grape) Fruit Extract , Saccharomyces Lysate Extract , Camellia Sinensis Leaf Extract , Yeast Extract/Faex/Extrait De Levure , Hydrolyzed Rice Bran Extract , Hydrolyzed Prunus Domestica , Sorbitol , Cholesterol , Phospholipids , Dipotassium Glycyrrhizate , Di-C12-18 Alkyl Dimonium Chloride , Squalane , Peg-10 Dimethicone , Peg-6 , Glycerin , Sucrose , Polysorbate 20 , Tocopheryl Acetate , Isohexadecane , Acetyl Glucosamine , Propylene Glycol Dicaprate , Arginine , Helianthus Annuus (Sunflower) Seedcake , Sodium Rna , Caprylyl Glycol , Dimethoxytolyl Propylresorcinol , Glycyrrhetinic Acid , Sodium Hyaluronate , Polysorbate 80 , Ammonium Acryloyldimethyltaurate/Vp Copolymer , Acrylamide/Sodium Acryloyldimethyltaurate Copolymer , Carbomer , Potassium Sorbate , Sodium Hydroxide , Sodium Sulfite , Sodium Metabisulfite , Hexylene Glycol , Disodium Edta , Phenoxyethanol , Yellow 5 (Ci 19140) , Yellow 6 (Ci 15985)",1,1,1,1,1,even_better_clinical_dark_spot_corrector_optimizer,clinique,treatment,clinique_even_better_clinical_dark_spot_corrector_optimizer,0.0,50.0,6077.0,3.02,1.0,Treatments,50.0,6.04,0.82,Dimethicone;Butylene Glycol;Isododecane;Cyclopentasiloxane;Polysilicone-11;Ascorbyl Glucoside;Tromethamine;Pentylene Glycol;Curcuma Longa (Turmeric) Root Extract;Morus Bombycis (Mulberry) Root Extract;Cucumis Sativus (Cucumber) Fruit Extract;Betula Alba (Birch) Bark Extract;Scutellaria Baicalensis Root Extract;Trametes Versicolor Extract;Narcissus Tazetta Bulb Extract;Triticum Vulgare (Wheat) Germ Extract;Morus Nigra (Mulberry) Root Extract;Molasses Extract/Saccharum Officinarum/Extrait De Melasse;Citrus Grandis (Grapefruit) Peel Extract;Hordeum Vulgare (Barley) Extract/Extrait D'Orge;Salicylic Acid;Oryza Sativa (Rice) Bran Extract;Algae Extract;Caffeine;Gentiana Lutea (Gentian) Root Extract;Vitis Vinifera (Grape) Fruit Extract;Saccharomyces Lysate Extract;Camellia Sinensis Leaf Extract;Yeast Extract/Faex/Extrait De Levure;Hydrolyzed Rice Bran Extract;Hydrolyzed Prunus Domestica;Sorbitol;Cholesterol;Phospholipids;Dipotassium Glycyrrhizate;Di-C12-18 Alkyl Dimonium Chloride;Squalane;Peg-10 Dimethicone;Peg-6;Glycerin;Sucrose;Polysorbate 20;Tocopheryl Acetate;Isohexadecane;Acetyl Glucosamine;Propylene Glycol Dicaprate;Arginine;Helianthus Annuus (Sunflower) Seedcake;Sodium Rna;Caprylyl Glycol;Dimethoxytolyl Propylresorcinol;Glycyrrhetinic Acid;Sodium Hyaluronate;Polysorbate 80;Ammonium Acryloyldimethyltaurate/Vp Copolymer;Acrylamide/Sodium Acryloyldimethyltaurate Copolymer;Carbomer;Potassium Sorbate;Sodium Hydroxide;Sodium Sulfite;Sodium Metabisulfite;Hexylene Glycol;Disodium Edta;Phenoxyethanol;Yellow 5 (Ci 19140);Yellow 6 (Ci 15985),0.0,50.0,6077.0,3.02,1.0,Treatments,50.0,6.04,0.82,treatment,Low (3k - 7k)
Treatment,LANCER,Lift Serum Intense with Stem Cell Recovery Complex,275,5.0,"Water, Glycerin, Cyclopentasiloxane, Caprylic/Capric Triglyceride, Pentylene Glycol, Cetearyl Alcohol, Dimethicone, Squalane, Vitis Vinifera (Grape) Juice Extract, Glycine Soja (Soybean) Extract, Vitis Vinifera (Grape) Fruit Cell Extract, Tropaeolum Majus Extract, Hydrolyzed Manihot Esculenta Tuber Extract, Hexapeptide-48 HCl, Sodium Hyaluronate, Crithmum Maritimum Callus Culture Filtrate, Acrylates/Dimethicone Copolymer, Polyglyceryl-4 Diisostearate/Polyhydroxystearate/Sebacate, Sodium Hyaluronate Crosspolymer, Lecithin, Glyceryl Stearate, PEG-100 Stearate, Ethylhexyl Stearate, Sodium Isostearate, Isomalt, Ceteareth-20, Disodium EDTA, Sclerotium Gum, Propanediol, Gold, Phenoxyethanol, Caprylyl Glycol, Sodium Benzoate, Benzyl Benzoate, Xanthan Gum, Chlorphenesin, Ethylhexylglycerin, Butylphenyl Methylpropional, Fragrance, Limonene, Mica, Titanium Dioxide (CI 77891), Iron Oxides (CI 77491).",1,1,1,0,0,lift_serum_intense_with_stem_cell_recovery_complex,lancer,treatment,lancer_lift_serum_intense_with_stem_cell_recovery_complex,0.0,2.0,1093.0,5.0,1.0,Treatments,275.0,250.0,0.18,"Glycerin;Cyclopentasiloxane;Caprylic/Capric Triglyceride;Pentylene Glycol;Cetearyl Alcohol;Dimethicone;Squalane;Vitis Vinifera (Grape) Juice Extract;Glycine Soja (Soybean) Extract;Vitis Vinifera (Grape) Fruit Cell Extract;Tropaeolum Majus Extract;Hydrolyzed Manihot Esculenta Tuber Extract;Hexapeptide-48 HCl;Sodium Hyaluronate;Crithmum Maritimum Callus Culture Filtrate;Acrylates/Dimethicone Copolymer;Polyglyceryl-4 Diisostearate/Polyhydroxystearate/Sebacate;Sodium Hyaluronate Crosspolymer;Lecithin;Glyceryl Stearate;PEG-100 Stearate;Ethylhexyl Stearate;Sodium Isostearate;Isomalt;Ceteareth-20;Disodium EDTA;Sclerotium Gum;Propanediol;Gold;Phenoxyethanol;Caprylyl Glycol;Sodium Benzoate;Benzyl Benzoate;Xanthan Gum;Chlorphenesin;Ethylhexylglycerin;Butylphenyl Methylpropional;Fragrance;Limonene;Mica;Titanium Dioxide (CI 77891);Iron Oxides (CI 77491),",0.0,2.0,1093.0,5.0,1.0,Treatments,275.0,250.0,0.18,treatment,Very Low (0 - 3k)
Treatment,PERRICONE MD,Cold Plasma+ Face,149,4.1,"Water, Glycerin, Isopropyl Palmitate, Cetearyl Alcohol, Glyceryl Stearate, PEG-100 Stearate, Butylene Glycol, Phosphatidylcholine, Tetrahexyldecyl Ascorbate, Dimethyl MEA, Acetyl Hexapeptide-8, Palmitoyl Tripeptide-1, Palmitoyl Tetrapeptide-3, Tyrosine, Glycolic Acid, Helianthus Annuus (Sunflower) Seed Oil, Magnesium Aspartate, Zinc Gluconate, Rosmarinus O_cinalis (Rosemary) Leaf Extract, Copper Gluconate, Sodium Hyaluronate, Retinyl Palmitate, Echium Plantagineum Seed Oil, Hydrolyzed Myrtus Communis Leaf Extract, Copper Tripeptide-1, Dimethicone, Disodium EDTA, Carbomer, Ceteareth-20, Cyclopentasiloxane, Caprylyl Glycol, Cetearyl Alcohol, Cyclohexasiloxane, Polysorbate 20, Zea Mays (Corn) Oil, Phenoxyethanol, Sorbic Acid.",1,1,1,1,1,cold_plasma_face,perricone_md,treatment,perricone_md_cold_plasma_face,0.0,1000.0,3193.0,4.0995,1.0,Treatments,149.0,0.41,31.32,"Glycerin;Isopropyl Palmitate;Cetearyl Alcohol;Glyceryl Stearate;PEG-100 Stearate;Butylene Glycol;Phosphatidylcholine;Tetrahexyldecyl Ascorbate;Dimethyl MEA;Acetyl Hexapeptide-8;Palmitoyl Tripeptide-1;Palmitoyl Tetrapeptide-3;Tyrosine;Glycolic Acid;Helianthus Annuus (Sunflower) Seed Oil;Magnesium Aspartate;Zinc Gluconate;Rosmarinus O_cinalis (Rosemary) Leaf Extract;Copper Gluconate;Sodium Hyaluronate;Retinyl Palmitate;Echium Plantagineum Seed Oil;Hydrolyzed Myrtus Communis Leaf Extract;Copper Tripeptide-1;Dimethicone;Disodium EDTA;Carbomer;Ceteareth-20;Cyclopentasiloxane;Caprylyl Glycol;Cetearyl Alcohol;Cyclohexasiloxane;Polysorbate 20;Zea Mays (Corn) Oil;Phenoxyethanol;Sorbic Acid,",0.0,1000.0,3193.0,4.0995,1.0,Treatments,149.0,0.41,31.32,treatment,Very Low (0 - 3k)
Treatment,DIOR,Capture Youth Glow Booster Age-Delay Illuminating Serum,95,4.9,Visit the Dior boutique,1,0,1,0,0,capture_youth_glow_booster_age_delay_illuminating_serum,dior,treatment,dior_capture_youth_glow_booster_age_delay_illuminating_serum,,,,,,,,,,Visit the Dior boutique,,,,,,,,,,treatment,nan
Treatment,BECCA,Skin Love Glow Elixir,48,4.4,"Water, Butylene Glycol, Ascorbyl Glucoside, Honey, Methyl Gluceth-20, BIS-PEG-18 Methyl Ether Dimethyl Silane, Acetyl Glucosamine, Glycyrrhiza Glabra (Licorice) Leaf Extract, Sigesbeckia Orientalis (St. Paul's Wort) Extract, Whey Protein, Vaccinium Macrocarpon (Cranberry) Fruit Extract, Lycium Chinense (Wolfberry) Fruit Extract, Paeonia Suffruticosa (Peony) Root Extract, Gentiana Lutea (Gentian) Root Extract, Vaccinium Angustifolium (Blueberry) Fruit Extract, Algae Extract, Polygonum Cuspidatum Root Extract, Yeast Extract, Molasses Extract, Hydrolyzed Rice Bran Extract, Caffeine, Sodium Hyaluronate, Tocopheryl Linoleate/Oleate, Fragrance, Trehalose, Squalane, Ergothioneine, Glycerin, Glycereth-26, PEG-75, Oleth-3 Phosphate, Mica, Oleth-3, Titanium Dioxide (Ci 77891), Caprylyl Glycol, Carbomer, Oleth-5, Xanthan Gum, Citric Acid, Hexylene Glycol, Ethylhexyl Methoxycinnamate, Sodium Hydroxide, Linalool, Geraniol, Alpha-Isomethyl Ionone, Citronellol, Tetrasodium EDTA, Disodium EDTA, Blue 1 (Ci 42090), BHT, Phenoxyethanol.",0,0,0,0,0,skin_love_glow_elixir,becca,treatment,becca_skin_love_glow_elixir,0.0,103.0,10061.0,4.3689,0.98,Treatments,48.98,4.24,1.02,"Butylene Glycol;Ascorbyl Glucoside;Honey;Methyl Gluceth-20;BIS-PEG-18 Methyl Ether Dimethyl Silane;Acetyl Glucosamine;Glycyrrhiza Glabra (Licorice) Leaf Extract;Sigesbeckia Orientalis (St, Paul's Wort) Extract;Whey Protein;Vaccinium Macrocarpon (Cranberry) Fruit Extract;Lycium Chinense (Wolfberry) Fruit Extract;Paeonia Suffruticosa (Peony) Root Extract;Gentiana Lutea (Gentian) Root Extract;Vaccinium Angustifolium (Blueberry) Fruit Extract;Algae Extract;Polygonum Cuspidatum Root Extract;Yeast Extract;Molasses Extract;Hydrolyzed Rice Bran Extract;Caffeine;Sodium Hyaluronate;Tocopheryl Linoleate/Oleate;Fragrance;Trehalose;Squalane;Ergothioneine;Glycerin;Glycereth-26;PEG-75;Oleth-3 Phosphate;Mica;Oleth-3;Titanium Dioxide (Ci 77891);Caprylyl Glycol;Carbomer;Oleth-5;Xanthan Gum;Citric Acid;Hexylene Glycol;Ethylhexyl Methoxycinnamate;Sodium Hydroxide;Linalool;Geraniol;Alpha-Isomethyl Ionone;Citronellol;Tetrasodium EDTA;Disodium EDTA;Blue 1 (Ci 42090);BHT;Phenoxyethanol,",0.0,103.0,10061.0,4.3689,0.98,Treatments,48.98,4.24,1.02,treatment,Medium (7k - 13k)
Treatment,TATA HARPER,Resurfacing Serum,88,4.2,"Hordeum Vulgare Leaf Juice*, Propanediol, Aqua/Water/Eau, Silybum Marianum Ethyl Ester, Galactoarabinan, Glycerin, Salix Alba (Willow) Bark Extract, Cetearyl Olivate, Simmondsia Chinensis (Jojoba) Seed Oil, Squalane, Sorbitan Olivate, Cupuacu Butter Glycerides, Isopropyl Shea Butterate, Lactobacillus Ferment, Leuconostoc Ferment Filtrate, Solanum Lycopersicum (Tomato) Fruit Extract, L (+) Lactic Acid, Vaccinium Myrtillus Fruit/Leaf Extract, Saccharum Officinarum (Sugar Cane) Extract, Citrus Aurantium Dulcis (Orange) Fruit Extract, Citrus Limon (Lemon) Fruit Extract, Acer Saccharum (Sugar Maple) Extract, Citric Acid, Terminalia Ferdinandiana Fruit Extract, Lithospermum Erythrorhizon Root Extract, Hippophae Rhamnoides (Sea Buckthorn) Oil*, Plukenetia Volubilis Seed Oil*, Saccharide Isomerate, Tasmannia Lanceolata Fruit/Leaf Extract, Arnica Montana (Arnica) Extract*, Borago Officinalis (Borage) Leaf Extract*, Calendula Officinalis (Calendula) Flower Extract*, Medicago Sativa (Alfalfa) Extract*, Spiraea Ulmaria (Meadowsweet) Extract*, Sambucus Nigra Fruit Extract, Olea Europaea (Olive) Oil*, Tocopherol, Caprylic/Capric Triglyceride, Cetyl Palmitate, Sorbitan Palmitate, Sclerotium Gum, Aroma**, Sodium Phytate, Sodium Citrate, Mica, Alcohol, CI 77891, CI 77491, Citral, Limonene, Linalool, Geraniol, Benzyl Benzoate.",1,1,1,1,1,resurfacing_serum,tata_harper,treatment,tata_harper_resurfacing_serum,1.0,115.0,9982.0,4.113,1.0,Treatments,88.0,3.58,1.15,"Hordeum Vulgare Leaf Juice*;Propanediol;Aqua/Water/Eau;Silybum Marianum Ethyl Ester;Galactoarabinan;Glycerin;Salix Alba (Willow) Bark Extract;Cetearyl Olivate;Simmondsia Chinensis (Jojoba) Seed Oil;Squalane;Sorbitan Olivate;Cupuacu Butter Glycerides;Isopropyl Shea Butterate;Lactobacillus Ferment;Leuconostoc Ferment Filtrate;Solanum Lycopersicum (Tomato) Fruit Extract;L (+) Lactic Acid;Vaccinium Myrtillus Fruit/Leaf Extract;Saccharum Officinarum (Sugar Cane) Extract;Citrus Aurantium Dulcis (Orange) Fruit Extract;Citrus Limon (Lemon) Fruit Extract;Acer Saccharum (Sugar Maple) Extract;Citric Acid;Terminalia Ferdinandiana Fruit Extract;Lithospermum Erythrorhizon Root Extract;Hippophae Rhamnoides (Sea Buckthorn) Oil*;Plukenetia Volubilis Seed Oil*;Saccharide Isomerate;Tasmannia Lanceolata Fruit/Leaf Extract;Arnica Montana (Arnica) Extract*;Borago Officinalis (Borage) Leaf Extract*;Calendula Officinalis (Calendula) Flower Extract*;Medicago Sativa (Alfalfa) Extract*;Spiraea Ulmaria (Meadowsweet) Extract*;Sambucus Nigra Fruit Extract;Olea Europaea (Olive) Oil*;Tocopherol;Caprylic/Capric Triglyceride;Cetyl Palmitate;Sorbitan Palmitate;Sclerotium Gum;Aroma**;Sodium Phytate;Sodium Citrate;Mica;Alcohol;CI 77891;CI 77491;Citral;Limonene;Linalool;Geraniol;Benzyl Benzoate,",1.0,115.0,9982.0,4.113,1.0,Treatments,88.0,3.58,1.15,treatment,Medium (7k - 13k)
Treatment,CAUDALIE,Resveratrol Lift Firming Serum,82,4.3,"Water, Glycerin*, Butylene Glycol, Glyceryl Stearate Citrate*, Hexyldecanol*, Hexyldecyl Laurate*, Squalane*, Tocopheryl Acetate*, Polyglyceryl-3 Stearate*, Palmitoyl Grapevine Shoot Extract*, Hydrogenated Lecithin*, Polyacrylate Crosspolymer-6, Hydroxyethyl Acrylate/Sodium Acryloyldimethyl Taurate Copolymer, Caprylyl Glycol, Ethylhexylglycerin, Sodium Dehydroacetate, Parfum (Fragrance), Sorbitan Laurate*, Hydrolyzed Hyaluronic Acid , Hyaluronic Acid, Hydroxyethylcellulose*, Acetyl Dipeptide-1 Cetyl Ester, Sodium Phytate*, Tocopherol*, Linalool, Limonene, Coumarin, Butylphenyl Methylpropional. *Plant Origin.",1,1,1,1,1,resveratrol_lift_firming_serum,caudalie,treatment,caudalie_resveratrol_lift_firming_serum,1.0,74.0,9091.0,4.3108,1.0,Treatments,82.0,5.83,0.81,"Glycerin*;Butylene Glycol;Glyceryl Stearate Citrate*;Hexyldecanol*;Hexyldecyl Laurate*;Squalane*;Tocopheryl Acetate*;Polyglyceryl-3 Stearate*;Palmitoyl Grapevine Shoot Extract*;Hydrogenated Lecithin*;Polyacrylate Crosspolymer-6;Hydroxyethyl Acrylate/Sodium Acryloyldimethyl Taurate Copolymer;Caprylyl Glycol;Ethylhexylglycerin;Sodium Dehydroacetate;Parfum (Fragrance);Sorbitan Laurate*;Hydrolyzed Hyaluronic Acid;Hyaluronic Acid;Hydroxyethylcellulose*;Acetyl Dipeptide-1 Cetyl Ester;Sodium Phytate*;Tocopherol*;Linalool;Limonene;Coumarin;Butylphenyl Methylpropional, *Plant Origin,",1.0,74.0,9091.0,4.3108,1.0,Treatments,82.0,5.83,0.81,treatment,Medium (7k - 13k)
Treatment,ALGENIST,POWER Advanced Wrinkle Fighter 360° Eye Serum,70,4.1,"Water, Dimethicone, Isododecane, Glycerin, Butylene Glycol, Polysilicone-11, Isohexadecane, Pentylene Glycol, Algae Exopolysaccharides, Chlorella Protothecoides, Plantago Lanceolata Leaf Extract, Darutoside, Polygonum Bistorta Root Extract, Nannochloropsis Oculata Extract, Albizia Julibrissin Bark Extract, Palmitoyl Tripeptide-1, Palmitoyl Tetrapeptide-7, N-Hydroxysuccinimide, Chrysin, Mica, Adenosine, Ammonium Polyacryloyldimethyl Taurate, Polysorbate 20, Polysorbate 80, Pullulan, Tocopheryl Acetate, Steareth-20, Disodium EDTA, Chlorhexidine Digluconate, Citric Acid, Sodium Hydroxide, Xanthan Gum, Ethylhexylglycerin, Hexylene Glycol, Caprylyl Glycol, Potassium Sorbate, Sodium Benzoate, Phenoxyethanol.",1,1,1,1,1,power_advanced_wrinkle_fighter_360°_eye_serum,algenist,treatment,algenist_power_advanced_wrinkle_fighter_360°_eye_serum,,,,,,,,,,"Dimethicone;Isododecane;Glycerin;Butylene Glycol;Polysilicone-11;Isohexadecane;Pentylene Glycol;Algae Exopolysaccharides;Chlorella Protothecoides;Plantago Lanceolata Leaf Extract;Darutoside;Polygonum Bistorta Root Extract;Nannochloropsis Oculata Extract;Albizia Julibrissin Bark Extract;Palmitoyl Tripeptide-1;Palmitoyl Tetrapeptide-7;N-Hydroxysuccinimide;Chrysin;Mica;Adenosine;Ammonium Polyacryloyldimethyl Taurate;Polysorbate 20;Polysorbate 80;Pullulan;Tocopheryl Acetate;Steareth-20;Disodium EDTA;Chlorhexidine Digluconate;Citric Acid;Sodium Hydroxide;Xanthan Gum;Ethylhexylglycerin;Hexylene Glycol;Caprylyl Glycol;Potassium Sorbate;Sodium Benzoate;Phenoxyethanol,",0.0,64.0,6385.0,4.0938,0.5,,140.0,6.4,1.0,treatment,nan
Treatment,FIRST AID BEAUTY,FAB Skin Lab Retinol Serum 0.25% Pure Concentrate,58,4.3,"Water, Polysorbate 80, Caprylic/Capric Triglyceride, Polysorbate 20, Butylene Glycol, Persea Gratissima (Avocado) Oil, Glycerin, Dimethicone, Retinol, Magnesium Ascorbyl Phosphate, Colloidal Oatmeal, Tocopherol, Hydrolyzed Hyaluronic Acid, Ceramide NP, Acetyl Hexapeptide-8, Linoleic Acid, Allantoin, Phytosteryl Canola Glycerides, Palmitic Acid, Oleic Acid, Glycine Soja (Soybean) Oil, Hydroxypropyl Cyclodextrin, Aloe Barbadensis Leaf Juice, Triolein, Caprylyl Glycol,Acrylates/C10-30 Alkyl Acrylate Crosspolymer, Xanthan Gum, Lecithin, Stearic Acid, Maltodextrin, BHT, BHA, Phenoxyethanol, Sodium Hydroxide, Potassium Sorbate.",1,1,1,1,1,fab_skin_lab_retinol_serum_0.25_pure_concentrate,first_aid_beauty,treatment,first_aid_beauty_fab_skin_lab_retinol_serum_0.25_pure_concentrate,0.0,64.0,9955.0,4.0625,1.0,Treatments,58.0,6.35,0.64,"Polysorbate 80;Caprylic/Capric Triglyceride;Polysorbate 20;Butylene Glycol;Persea Gratissima (Avocado) Oil;Glycerin;Dimethicone;Retinol;Magnesium Ascorbyl Phosphate;Colloidal Oatmeal;Tocopherol;Hydrolyzed Hyaluronic Acid;Ceramide NP;Acetyl Hexapeptide-8;Linoleic Acid;Allantoin;Phytosteryl Canola Glycerides;Palmitic Acid;Oleic Acid;Glycine Soja (Soybean) Oil;Hydroxypropyl Cyclodextrin;Aloe Barbadensis Leaf Juice;Triolein;Caprylyl Glycol;Acrylates/C10-30 Alkyl Acrylate Crosspolymer;Xanthan Gum;Lecithin;Stearic Acid;Maltodextrin;BHT;BHA;Phenoxyethanol;Sodium Hydroxide;Potassium Sorbate,",0.0,64.0,9955.0,4.0625,1.0,Treatments,58.0,6.35,0.64,treatment,Medium (7k - 13k)
Treatment,MURAD,Active Retinol Renewal Kit,68,5.0,"Retinol Youth Renewal Serum: Water, Cyclopentasiloxane, Isopropyl Palmitate, C14-22 Alcohols, Polymethylsilsesquioxane, Dimethicone, Propanediol, Glyceryl Stearate, PEG-100 Stearate, Shea Butter Ethyl Esters, Retinol, Hydroxypinacolone Retinoate, Ceramide NP, Sodium Hyaluronate, Solanum Lycopersicum (Tomato) Fruit Extract, Swertia Chirata Extract, Squalane, Punica Granatum Extract, Tocopheryl Acetate, Glycine Soja (Soybean) Extract, Urea, Yeast Amino Acids, Trehalose, Inositol, Taurine, Betaine, Glycerin, Caprylic/Capric Triglyceride, Dimethyl Isosorbide, Silica, Ethylhexyl Palmitate, Silica Dimethyl Silylate, Butylene Glycol, Lecithin, Ammonium Acryloyldimethyltaurate/VP Copolymer, C12-20 Alkyl Glucoside, Cetyl Palmitate, Laureth-23, Polysorbate 20, Trideceth-6 Phosphate, Synthetic Fluorphlogopite, Phenoxyethanol, Ethylhexylglycerin, Chlorphenesin, Disodium EDTA, Sodium Hydroxide, Tris (Tetramethylhydroxypiperidinol) Citrate, Sodium Benzotriazolyl Butylphenol Sulfonate, Titanium Dioxide (CI 77891), Red 4 (CI 14700), Alpha-Isomethyl Ionone, Citronellol, Fragrance. Retinol Youth Renewal Night Cream: Water, Dimethicone, Glycerin, Butyrospermum Parkii (Shea) Butter, Stearyl Dimethicone, Caprylic/Capric Triglyceride, Arachidyl Alcohol, Octyldodecanol, Cetearyl Alcohol, Squalane, Borago Officinalis Seed Oil, Retinyl Propionate, Retinol, Swertia Chirata Leaf Extract, Urea, Yeast Amino Acids, Trehalose, Inositol, Taurine, Betaine, Glycine Soja (Soybean) Extract, Polymethylsilsesquioxane, Macrocystis Pyrifera (Kelp) Extract, Hydrolyzed Vegetable Protein, PVP, Ahnfeltiopsis Concinna Extract, Isopropyl Palmitate, Lecithin, Cetearyl Olivate, Octadecane, Disteardimonium Hectorite, Propylene Carbonate, Oleyl Alcohol, Dioscorea Villosa (Wild Yam) Root Extract, Glycine Soja (Soybean) Sterols, Hydrolyzed Yeast Extract, Cetyl Hydroxyethylcellulose, Polyglucuronic Acid, Sorbitan Olivate, Behenyl Alcohol, Arachidyl Glucoside, Tocopheryl Acetate, Zinc Gluconate, Sodium Polyacrylate, Dicaprylyl Carbonate, Polyglyceryl-3 Caprate, Xanthan Gum, Disodium EDTA, Sodium Hydroxide, Phenoxyethanol, Caprylyl Glycol, Chlorphenesin, Fragrance, Alpha-Isomethyl Ionone, Citronellol, Yellow 5 (CI 19140), Red 4 (CI 14700). Retinol Youth Renewal Eye Serum: Water, Glycerin, Butylene Glycol, Dimethyl Isosorbide, Meadowfoam Delta-Lactone, Retinyl Propionate, Retinol, Swertia Chirata Leaf Extract, Urea, Yeast Amino Acids, Trehalose, Inositol, Taurine, Betaine, Fucus Vesiculosus Extract, Imperata Cylindrica Root Extract, Glycine Soja (Soybean) Extract, Macrocystis Pyrifera (Kelp) Extract, Hydrolyzed Vegetable Protein, Isopropyl Palmitate, Lecithin, PVP, Hexylene Glycol, Caprylyl Glycol, Xanthan Gum, Punica Granatum Seed Oil, Caprylic/Capric Triglyceride, PVM/MA Decadiene Crosspolymer, PEG-8, Carbomer, Sodium Bisulfite, Silica, Sodium Hydroxide, Chlorphenesin, Phenoxyethanol, Fragrance, Red 4 (CI 14700), Yellow 5 (CI 19140).",1,1,1,1,0,active_retinol_renewal_kit,murad,treatment,murad_active_retinol_renewal_kit,,,,,,,,,,"Retinol Youth Renewal Serum: Water;Cyclopentasiloxane;Isopropyl Palmitate;C14-22 Alcohols;Polymethylsilsesquioxane;Dimethicone;Propanediol;Glyceryl Stearate;PEG-100 Stearate;Shea Butter Ethyl Esters;Retinol;Hydroxypinacolone Retinoate;Ceramide NP;Sodium Hyaluronate;Solanum Lycopersicum (Tomato) Fruit Extract;Swertia Chirata Extract;Squalane;Punica Granatum Extract;Tocopheryl Acetate;Glycine Soja (Soybean) Extract;Urea;Yeast Amino Acids;Trehalose;Inositol;Taurine;Betaine;Glycerin;Caprylic/Capric Triglyceride;Dimethyl Isosorbide;Silica;Ethylhexyl Palmitate;Silica Dimethyl Silylate;Butylene Glycol;Lecithin;Ammonium Acryloyldimethyltaurate/VP Copolymer;C12-20 Alkyl Glucoside;Cetyl Palmitate;Laureth-23;Polysorbate 20;Trideceth-6 Phosphate;Synthetic Fluorphlogopite;Phenoxyethanol;Ethylhexylglycerin;Chlorphenesin;Disodium EDTA;Sodium Hydroxide;Tris (Tetramethylhydroxypiperidinol) Citrate;Sodium Benzotriazolyl Butylphenol Sulfonate;Titanium Dioxide (CI 77891);Red 4 (CI 14700);Alpha-Isomethyl Ionone;Citronellol;Fragrance, Retinol Youth Renewal Night Cream: Water;Dimethicone;Glycerin;Butyrospermum Parkii (Shea) Butter;Stearyl Dimethicone;Caprylic/Capric Triglyceride;Arachidyl Alcohol;Octyldodecanol;Cetearyl Alcohol;Squalane;Borago Officinalis Seed Oil;Retinyl Propionate;Retinol;Swertia Chirata Leaf Extract;Urea;Yeast Amino Acids;Trehalose;Inositol;Taurine;Betaine;Glycine Soja (Soybean) Extract;Polymethylsilsesquioxane;Macrocystis Pyrifera (Kelp) Extract;Hydrolyzed Vegetable Protein;PVP;Ahnfeltiopsis Concinna Extract;Isopropyl Palmitate;Lecithin;Cetearyl Olivate;Octadecane;Disteardimonium Hectorite;Propylene Carbonate;Oleyl Alcohol;Dioscorea Villosa (Wild Yam) Root Extract;Glycine Soja (Soybean) Sterols;Hydrolyzed Yeast Extract;Cetyl Hydroxyethylcellulose;Polyglucuronic Acid;Sorbitan Olivate;Behenyl Alcohol;Arachidyl Glucoside;Tocopheryl Acetate;Zinc Gluconate;Sodium Polyacrylate;Dicaprylyl Carbonate;Polyglyceryl-3 Caprate;Xanthan Gum;Disodium EDTA;Sodium Hydroxide;Phenoxyethanol;Caprylyl Glycol;Chlorphenesin;Fragrance;Alpha-Isomethyl Ionone;Citronellol;Yellow 5 (CI 19140);Red 4 (CI 14700), Retinol Youth Renewal Eye Serum: Water;Glycerin;Butylene Glycol;Dimethyl Isosorbide;Meadowfoam Delta-Lactone;Retinyl Propionate;Retinol;Swertia Chirata Leaf Extract;Urea;Yeast Amino Acids;Trehalose;Inositol;Taurine;Betaine;Fucus Vesiculosus Extract;Imperata Cylindrica Root Extract;Glycine Soja (Soybean) Extract;Macrocystis Pyrifera (Kelp) Extract;Hydrolyzed Vegetable Protein;Isopropyl Palmitate;Lecithin;PVP;Hexylene Glycol;Caprylyl Glycol;Xanthan Gum;Punica Granatum Seed Oil;Caprylic/Capric Triglyceride;PVM/MA Decadiene Crosspolymer;PEG-8;Carbomer;Sodium Bisulfite;Silica;Sodium Hydroxide;Chlorphenesin;Phenoxyethanol;Fragrance;Red 4 (CI 14700);Yellow 5 (CI 19140),",,,,,,,,,,treatment,nan
Treatment,KATE SOMERVILLE,Anti Bac Clearing Lotion,42,4.4,"Water, PPG-2 Myristyl Ether Propionate, Argania Spinosa Kernel Extract, PEG-40 Sterate, Serenoa Serrulata Fruit Extract, Sesamum Indicum (Sesame) Seed Extract, Alcohol Denat., Sorbitan Stearate, Hydrogenated Methyl Abeitate, Methyl Methacrylate Crosspolymer, Carbomer, Glyceryl Stearate, Cetyl Alcohol, Tetrasodium EDTA, Hydrogenated Lecithin, Cholesterol, Ceramide NS, Ceramide NP, Oleic Acid, Palmitic Acid, Sodium Ascorbate, Sodium Hydroxide, EDTA, Ethyhexylglycerin, Phenoxyethanol.",1,0,1,1,0,anti_bac_clearing_lotion,kate_somerville,treatment,kate_somerville_anti_bac_clearing_lotion,0.0,490.0,19184.0,4.4367,1.7,Treatments,24.71,0.91,2.55,"PPG-2 Myristyl Ether Propionate;Argania Spinosa Kernel Extract;PEG-40 Sterate;Serenoa Serrulata Fruit Extract;Sesamum Indicum (Sesame) Seed Extract;Alcohol Denat,;Sorbitan Stearate;Hydrogenated Methyl Abeitate;Methyl Methacrylate Crosspolymer;Carbomer;Glyceryl Stearate;Cetyl Alcohol;Tetrasodium EDTA;Hydrogenated Lecithin;Cholesterol;Ceramide NS;Ceramide NP;Oleic Acid;Palmitic Acid;Sodium Ascorbate;Sodium Hydroxide;EDTA;Ethyhexylglycerin;Phenoxyethanol,",0.0,490.0,19184.0,4.4367,1.7,Treatments,24.71,0.91,2.55,treatment,High (13k - 26k)
Treatment,LANCÔME,Advanced Génifique Sensitive Antioxidant Serum,78,4.6,"-Pure Ferulic Acid -Pure Vitamin E -Centella Asiatica Blue Concentrate: Dipropylene Glycol, Tocopherol, Ferulic Acid, Isopropyl Lauroyl Sarcosinate, Ci 60730, Ext. Violet 2, Coco-Betaine, Arginine, Centaurea Cyanus Flower Water, Propanediol, Citric Acid, Water, Styrene/Acrylates Copolymer, Base Concentrate. Base: Water, Bifida Ferment Lysate, Glycerin, Propanediol, Betaine, Ananas Sativus Fruit Extract, Pineapple Fruit Extract, T-Butyl Alcohol, Lactobacillus Ferment, Tocopherol, Sodium Citrate, Sodium Hyaluronate, Madecassoside, Sodium Benzoate, Hydrolyzed Wheat Protein, Sodium Dehydroacetate, Sodium Succinate, Phenoxyethanol, Faex Extract, Yeast Extract, Adenosine, Caffeine, Ppg-6-Decyltetradeceth-30, Peg-32, Arginine, Chlorphenesin, Ammonium Polyacryloyldimethyl Taurate, Xanthan Gum, Pentylene Glycol, Leontopodium Alpinum Extract, Caprylyl Glycol, Papain, Disodium Edta, Citric Acid, Potassium Sorbate, Methionine, Glycine, Fragrance.",1,1,1,1,1,advanced_génifique_sensitive_antioxidant_serum,lancôme,treatment,lancôme_advanced_génifique_sensitive_antioxidant_serum,,,,,,,,,,"-Pure Ferulic Acid -Pure Vitamin E -Centella Asiatica Blue Concentrate: Dipropylene Glycol;Tocopherol;Ferulic Acid;Isopropyl Lauroyl Sarcosinate;Ci 60730;Ext, Violet 2;Coco-Betaine;Arginine;Centaurea Cyanus Flower Water;Propanediol;Citric Acid;Styrene/Acrylates Copolymer;Base Concentrate, Base: Water;Bifida Ferment Lysate;Glycerin;Propanediol;Betaine;Ananas Sativus Fruit Extract;Pineapple Fruit Extract;T-Butyl Alcohol;Lactobacillus Ferment;Tocopherol;Sodium Citrate;Sodium Hyaluronate;Madecassoside;Sodium Benzoate;Hydrolyzed Wheat Protein;Sodium Dehydroacetate;Sodium Succinate;Phenoxyethanol;Faex Extract;Yeast Extract;Adenosine;Caffeine;Ppg-6-Decyltetradeceth-30;Peg-32;Arginine;Chlorphenesin;Ammonium Polyacryloyldimethyl Taurate;Xanthan Gum;Pentylene Glycol;Leontopodium Alpinum Extract;Caprylyl Glycol;Papain;Disodium Edta;Citric Acid;Potassium Sorbate;Methionine;Glycine;Fragrance,",0.0,26.0,5709.0,4.6154,0.67,,116.42,17.75,0.46,treatment,nan
Treatment,PEACE OUT,Pore Treatment Strips,19,4.2,"-Hydrocolloid Bandage: Absorbs sebum, oil, and dead skin trapped deep within pores. -DMAE: Helps visibly shrink enlarged pores. -Vitamin A: Refines skin texture and prevents blackheads from forming.",1,1,1,1,1,pore_treatment_strips,peace_out,treatment,peace_out_pore_treatment_strips,0.0,586.0,22387.0,4.1672,,Treatments,,0.71,2.62,"-Hydrocolloid Bandage: Absorbs sebum;oil;and dead skin trapped deep within pores, -DMAE: Helps visibly shrink enlarged pores, -Vitamin A: Refines skin texture and prevents blackheads from forming,",0.0,586.0,22387.0,4.1672,,Treatments,,0.71,2.62,treatment,High (13k - 26k)
Treatment,PETER THOMAS ROTH,Water Drench Hyaluronic Cloud Serum,65,4.2,"Water, Saccharide Isomerate, Sodium Hyaluronate, Sodium PCA, Hydrolyzed Silk, Algae Extract, Mel (Honey) Extract, Saccharomyces/Iron Ferment, Saccharomyces/Copper Ferment, Saccharomyces/Silicon Ferment, Saccharomyces/Zinc Ferment, Saccharomyces/Magnesium Ferment, Eriodictyon Crassifolium Leaf Extract, Olea Europaea (Olive) Leaf Extract, Opuntia Tuna Flower/Stem Extract, Urea, Trehalose, Sorbitol, Glycerin, Citric Acid, Sodium Citrate, Propylene Glycol, Hexylene Glycol, Butylene Glycol, Polyquaternium-51, Triacetin, Pentylene Glycol, Caprylyl Glycol, Sodium Benzoate, Potassium Sorbate, Disodium EDTA, Potassium Benzoate, Phenoxyethanol.",1,1,1,1,1,water_drench_hyaluronic_cloud_serum,peter_thomas_roth,treatment,peter_thomas_roth_water_drench_hyaluronic_cloud_serum,0.0,381.0,15439.0,4.21,1.0,Treatments,65.0,1.1,2.47,"Saccharide Isomerate;Sodium Hyaluronate;Sodium PCA;Hydrolyzed Silk;Algae Extract;Mel (Honey) Extract;Saccharomyces/Iron Ferment;Saccharomyces/Copper Ferment;Saccharomyces/Silicon Ferment;Saccharomyces/Zinc Ferment;Saccharomyces/Magnesium Ferment;Eriodictyon Crassifolium Leaf Extract;Olea Europaea (Olive) Leaf Extract;Opuntia Tuna Flower/Stem Extract;Urea;Trehalose;Sorbitol;Glycerin;Citric Acid;Sodium Citrate;Propylene Glycol;Hexylene Glycol;Butylene Glycol;Polyquaternium-51;Triacetin;Pentylene Glycol;Caprylyl Glycol;Sodium Benzoate;Potassium Sorbate;Disodium EDTA;Potassium Benzoate;Phenoxyethanol,",0.0,381.0,15439.0,4.21,1.0,Treatments,65.0,1.1,2.47,treatment,High (13k - 26k)
Treatment,VOLITION BEAUTY,Snow Mushroom Water Serum,62,4.7,"Tremella Fuciformis (Mushroom) Extract, Propanediol, Glycerin, Argania Spinosa(Argan) Kernel Oil, Sea Water, Sodium Hyaluronate, Citrullus Vulgaris (Watermelon) FruitExtract, Pyrus Malus (Apple) Fruit Extract, Lens Esculenta (Lentil) Fruit Extract, Sodium PCA, Sodium Lactate, 3-O-Ethyl Ascorbic Acid, Pentylene Glycol, Caprylyl Glycol, N-Prolyl Palmitoyl Tripeptide-56 Acetate, Hydroxyethylcellulose, Polyglyceryl-4 Caprate, Diheptyl Succinate, Capryloyl Glycerin/Sebacic Acid Copolymer, Sodium Carbomer, Ethylhexylglycerin.",1,1,1,1,1,snow_mushroom_water_serum,volition_beauty,treatment,volition_beauty_snow_mushroom_water_serum,1.0,219.0,10486.0,4.484,1.0,Treatments,62.0,2.05,2.09,"Tremella Fuciformis (Mushroom) Extract;Propanediol;Glycerin;Argania Spinosa(Argan) Kernel Oil;Sea Water;Sodium Hyaluronate;Citrullus Vulgaris (Watermelon) FruitExtract;Pyrus Malus (Apple) Fruit Extract;Lens Esculenta (Lentil) Fruit Extract;Sodium PCA;Sodium Lactate;3-O-Ethyl Ascorbic Acid;Pentylene Glycol;Caprylyl Glycol;N-Prolyl Palmitoyl Tripeptide-56 Acetate;Hydroxyethylcellulose;Polyglyceryl-4 Caprate;Diheptyl Succinate;Capryloyl Glycerin/Sebacic Acid Copolymer;Sodium Carbomer;Ethylhexylglycerin,",1.0,219.0,10486.0,4.484,1.0,Treatments,62.0,2.05,2.09,treatment,Medium (7k - 13k)
Treatment,MURAD,Revitalixir™ Recovery Serum,89,4.5,"Water, Glycerin, Propanediol, Prunus Armeniaca (Apricot) Kernel Oil, Niacinamide, Pentylene Glycol, Caprylic/Capric Triglyceride, Alcohol Denat., 1,2-Hexanediol, Cannabis Sativa Seed Oil, Sodium Hyaluronate, Acetyl Hexapeptide-8, Caffeine, Plankton Extract, Tephrosia Purpurea Seed Extract, Sigesbeckia Orientalis Extract, Rosa Damascena Flower Extract, Spilanthes Acmella Flower Extract, Indigofera Tinctoria Leaf Extract, Helianthus Annuus (Sunflower) Seed Oil, Tocopherol, Urea, Yeast Amino Acids, Trehalose, Inositol, Taurine, Betaine, Caprylyl Glycol, Hydroxyethylcellulose, Carrageenan, Algin, PEG/PPG-17/6 Copolymer, Xanthan Gum, Pentaerythrityl Tetra-di-t-butyl Hydroxyhydrocinnamate, Hydroxyethylpiperazine Ethane Sulfonic Acid, Sodium Hydroxide, Sodium Lauryl Sulfate, Synthetic Fluorphlogopite, Phenoxyethanol, Mica, Tin Oxide, Iron Oxides (CI 77491), Titanium Dioxide (CI 77891), Fragrance, Linalool, Citronellol.",1,1,1,1,1,revitalixir_recovery_serum,murad,treatment,murad_revitalixir_recovery_serum,,,,,,,,,,"Glycerin;Propanediol;Prunus Armeniaca (Apricot) Kernel Oil;Niacinamide;Pentylene Glycol;Caprylic/Capric Triglyceride;Alcohol Denat,;1,2-Hexanediol;Cannabis Sativa Seed Oil;Sodium Hyaluronate;Acetyl Hexapeptide-8;Caffeine;Plankton Extract;Tephrosia Purpurea Seed Extract;Sigesbeckia Orientalis Extract;Rosa Damascena Flower Extract;Spilanthes Acmella Flower Extract;Indigofera Tinctoria Leaf Extract;Helianthus Annuus (Sunflower) Seed Oil;Tocopherol;Urea;Yeast Amino Acids;Trehalose;Inositol;Taurine;Betaine;Caprylyl Glycol;Hydroxyethylcellulose;Carrageenan;Algin;PEG/PPG-17/6 Copolymer;Xanthan Gum;Pentaerythrityl Tetra-di-t-butyl Hydroxyhydrocinnamate;Hydroxyethylpiperazine Ethane Sulfonic Acid;Sodium Hydroxide;Sodium Lauryl Sulfate;Synthetic Fluorphlogopite;Phenoxyethanol;Mica;Tin Oxide;Iron Oxides (CI 77491);Titanium Dioxide (CI 77891);Fragrance;Linalool;Citronellol,",0.0,263.0,3947.0,4.4068,1.35,,65.93,1.68,6.66,treatment,nan
Treatment,MOON JUICE,Beauty Shroom™ Plumping Jelly Serum,58,4.5,"Water, Betaine, Coconut Oil Polyglyceryl-6 Esters, Glycerin, Tremella Fuciformis Sporocarp (Silver Ear Mushroom) Extract, Sodium Polyglutamate, Hydrolyzed Hyaluronic Acid, Ganoderma Lucidum (Reishi Mushroom) Extract, Rosa Damascena Oil, Santalum Austrocaledonicum Wood Oil, Pogostemon Cablin Oil, Polyglyceryl-10 Oleate, Oryza Sativa (Rice) Bran Oil, Tocopherol, Tocotrienols, Citric Acid, Lonicera Caprifolium (Honeysuckle) Flower Extract, Lonicera Japonica (Honeysuckle) Flower Extract.",1,1,1,1,1,beauty_shroom_plumping_jelly_serum,moon_juice,treatment,moon_juice_beauty_shroom_plumping_jelly_serum,,,,,,,,,,"Betaine;Coconut Oil Polyglyceryl-6 Esters;Glycerin;Tremella Fuciformis Sporocarp (Silver Ear Mushroom) Extract;Sodium Polyglutamate;Hydrolyzed Hyaluronic Acid;Ganoderma Lucidum (Reishi Mushroom) Extract;Rosa Damascena Oil;Santalum Austrocaledonicum Wood Oil;Pogostemon Cablin Oil;Polyglyceryl-10 Oleate;Oryza Sativa (Rice) Bran Oil;Tocopherol;Tocotrienols;Citric Acid;Lonicera Caprifolium (Honeysuckle) Flower Extract;Lonicera Japonica (Honeysuckle) Flower Extract,",0.0,99.0,7329.0,4.3434,1.0,,58.0,4.39,1.35,treatment,nan
Treatment,JACK BLACK,Protein Booster Skin Serum,62,4.7,"Water, Glycerin, Caprylic/Capric Triglyceride, Aloe Barbadensis Leaf Juice*, Linum Usitatissimum (Linseed/Graine de lin) Seed Oil*, Camellia Sinensis Leaf Extract*, Cocos Nucifera (Coconut/ Noix de coco) Oil*, Dipeptide Diaminobutyroyl Benzylamide Diacetate, Simmondsia Chinensis (Jojoba) Seed Oil, Sorghum Bicolor Stalk Juice, Ormenis Multicaulis Oil, Glycine Soja (Soybean/Graine de soja) Oil, Retinyl Palmitate, Zea Mays (Corn/Blé) Oil, Hamamelis Virginiana (Witch Hazel/ Hamamélis) Water, Lonicera Caprifolium (Honeysuckle/Chèvrefeuille) Flower Extract, Pelargonium Graveolens Flower Oil, Lonicera Japonica (Honeysuckle/Chèvrefeuille) Flower Extract, Rosmarinus Officinalis (Rosemary/ Romarin) Leaf Oil, Plantago Lanceolata Leaf Extract, Butylene Glycol, Caprylyl Glycol, Xanthan Gum, Polysorbate 20, Tocopherol, Ascorbyl Palmitate, Taurine, Sodium Hyaluronate, Teprenone, Citric Acid, Potassium Sorbate, Carbomer, Palmitoyl Oligopeptide, Sodium Polystyrene Sulfonate, Phenoxyethanol, Palmitoyl Tetrapeptide-7, Alcohol, Citronellol, Tocopheryl Acetate, Geraniol, Linalool, Sodium Sulfite. *Certified Organic.",1,1,1,1,1,protein_booster_skin_serum,jack_black,treatment,jack_black_protein_booster_skin_serum,0.0,55.0,4113.0,4.6909,2.0,Treatments,31.0,8.53,1.34,"Glycerin;Caprylic/Capric Triglyceride;Aloe Barbadensis Leaf Juice*;Linum Usitatissimum (Linseed/Graine de lin) Seed Oil*;Camellia Sinensis Leaf Extract*;Cocos Nucifera (Coconut/ Noix de coco) Oil*;Dipeptide Diaminobutyroyl Benzylamide Diacetate;Simmondsia Chinensis (Jojoba) Seed Oil;Sorghum Bicolor Stalk Juice;Ormenis Multicaulis Oil;Glycine Soja (Soybean/Graine de soja) Oil;Retinyl Palmitate;Zea Mays (Corn/Blé) Oil;Hamamelis Virginiana (Witch Hazel/ Hamamélis) Water;Lonicera Caprifolium (Honeysuckle/Chèvrefeuille) Flower Extract;Pelargonium Graveolens Flower Oil;Lonicera Japonica (Honeysuckle/Chèvrefeuille) Flower Extract;Rosmarinus Officinalis (Rosemary/ Romarin) Leaf Oil;Plantago Lanceolata Leaf Extract;Butylene Glycol;Caprylyl Glycol;Xanthan Gum;Polysorbate 20;Tocopherol;Ascorbyl Palmitate;Taurine;Sodium Hyaluronate;Teprenone;Citric Acid;Potassium Sorbate;Carbomer;Palmitoyl Oligopeptide;Sodium Polystyrene Sulfonate;Phenoxyethanol;Palmitoyl Tetrapeptide-7;Alcohol;Citronellol;Tocopheryl Acetate;Geraniol;Linalool;Sodium Sulfite, *Certified Organic,",0.0,55.0,4113.0,4.6909,2.0,Treatments,31.0,8.53,1.34,treatment,Low (3k - 7k)
Treatment,CLARINS,Shaping Facial Lift Total V Contouring Serum,81,3.7,"Water, Alcohol, Caprylic/Capric Triglyceride, Butylene Glycol, Glycerin, Betaine, Dicaprylyl Carbonate, Caffeine, Carbomer, Tromethamine, Avena Sativa (Oat) Kernel Extract, Ethylhexylglycerin, Parfum/Fragrance, Polyacrylamide, Acrylates/C10-30 Alkyl Acrylate Crosspolymer, Escin, Zingiber Zerumbet Extract, Sodium Acrylates Copolymer, C13-14 Isoparaffin, Hydrogenated Polyisobutene, Disodium Edta, Linalool, Phospholipids, Limonene, Laureth-7, Polyglyceryl-10 Stearate, Sodium Benzoate, Helianthus Annuus (Sunflower) Seed Oil, Citronellol, Baccharis Genistelloides Extract, Ethylene Brassylate, Diospyros Kaki Fruit Extract, Paullinia Cupana Seed Extract,Eugenol, Potassium Sorbate.",1,1,1,1,0,shaping_facial_lift_total_v_contouring_serum,clarins,treatment,clarins_shaping_facial_lift_total_v_contouring_serum,,,,,,,,,,"Alcohol;Caprylic/Capric Triglyceride;Butylene Glycol;Glycerin;Betaine;Dicaprylyl Carbonate;Caffeine;Carbomer;Tromethamine;Avena Sativa (Oat) Kernel Extract;Ethylhexylglycerin;Parfum/Fragrance;Polyacrylamide;Acrylates/C10-30 Alkyl Acrylate Crosspolymer;Escin;Zingiber Zerumbet Extract;Sodium Acrylates Copolymer;C13-14 Isoparaffin;Hydrogenated Polyisobutene;Disodium Edta;Linalool;Phospholipids;Limonene;Laureth-7;Polyglyceryl-10 Stearate;Sodium Benzoate;Helianthus Annuus (Sunflower) Seed Oil;Citronellol;Baccharis Genistelloides Extract;Ethylene Brassylate;Diospyros Kaki Fruit Extract;Paullinia Cupana Seed Extract;Eugenol;Potassium Sorbate,",,,,,,,,,,treatment,nan
Treatment,DR. BRANDT SKINCARE,needles no more™,89,3.4,"Water, Perfluorohexane, Butyrospermum Parkii Butter, Perfluoroperhydrophenanthrene, Perfluorodecalin, Butylene Glycol, Dicaprylate/Dicaprate, Hydrogenated Lecithin, Polymethyl Methacrylate, Sodium Acrylates Copolymer, Magnesium Gluconate, C12-16 Alcohols, Palmitic Acid, Glyceryl Stearate, Isopropyl Palmitate, Methyl Methacrylate Crosspolymer, Glycerin, Phenoxyethanol, Prolinamidoethyl Imidazole, Cetearyl Alcohol, Menthone Glycerin Acetal, Glutamylamidoethyl Imidazole, Tocopherol, Lecithin, Stearic Acid, Sodium Cocoyl Glutamate, Butylene Glycol, Xanthan Gum, Hydroxyethylcellulose, Chlorphenesin, Sodium Phytate, Ethylhexylglycerin, Ricinus Communis (Castor) Seed Oil, Anthemis Nobilis Flower Oil, Silanediol Salicylate, Adenosine, Tromethamine, Linalool, Palmitoyl Hexapeptide-52, Polyvinyl Alcohol, Lactic Acid, Glycolic Acid, Palmitoyl Heptapeptide-18, Methylpropanediol, Lavandula Angustifolia (Lavender) Flower Extract.",1,1,1,1,0,needles_no_more,dr._brandt_skincare,treatment,dr._brandt_skincare_needles_no_more,,,,,,,,,,"Perfluorohexane;Butyrospermum Parkii Butter;Perfluoroperhydrophenanthrene;Perfluorodecalin;Butylene Glycol;Dicaprylate/Dicaprate;Hydrogenated Lecithin;Polymethyl Methacrylate;Sodium Acrylates Copolymer;Magnesium Gluconate;C12-16 Alcohols;Palmitic Acid;Glyceryl Stearate;Isopropyl Palmitate;Methyl Methacrylate Crosspolymer;Glycerin;Phenoxyethanol;Prolinamidoethyl Imidazole;Cetearyl Alcohol;Menthone Glycerin Acetal;Glutamylamidoethyl Imidazole;Tocopherol;Lecithin;Stearic Acid;Sodium Cocoyl Glutamate;Butylene Glycol;Xanthan Gum;Hydroxyethylcellulose;Chlorphenesin;Sodium Phytate;Ethylhexylglycerin;Ricinus Communis (Castor) Seed Oil;Anthemis Nobilis Flower Oil;Silanediol Salicylate;Adenosine;Tromethamine;Linalool;Palmitoyl Hexapeptide-52;Polyvinyl Alcohol;Lactic Acid;Glycolic Acid;Palmitoyl Heptapeptide-18;Methylpropanediol;Lavandula Angustifolia (Lavender) Flower Extract,",0.0,435.0,12064.0,3.4391,0.5,,178.0,0.79,3.61,treatment,nan
Treatment,SHISEIDO,White Lucent Luminizing Surge,62,4.5,"Water, Butylene Glycol, Glycerin, Hydrogenated Polydecene, Dipropylene Glycol, Dimethicone, Xylitol, Isodecyl Neopentanoate, Peg-60 Glyceryl Isostearate, Cetyl Ethylhexanoate, Potassium Methoxysalicylate, Peg-5 Glyceryl Stearate, Behenyl Alcohol, Microcrystalline Wax(Cera Microcristallina/Cire Microcristalline), Stearic Acid, Phenoxyethanol, Isostearic Acid, Behenic Acid, Hydrogenated Palm Oil, Batyl Alcohol, Potassium Hydroxide, Carbomer, Elaeis Guineensis (Palm) Kernel Oil, Methylparaben, Elaeis Guineensis (Palm) Oil, Peg/Ppg-14/7 Dimethyl Ether, Tocopheryl Acetate, 2-O-Ethyl Ascorbic Acid, Fragrance (Parfum), Succinoglycan, Disodium Edta, Sodium Metaphosphate, Butylphenyl Methylpropional, Sodium Metabisulfite, Limonene, Linalool, Alpha-Isomethyl Ionone, Sodium Hyaluronate, Prunus Yedoensis Leaf Extract, Paeonia Albiflora Root Extract, Crataegus Monogyna Flower Extract, Acrylates/C10-30 Alkyl Acrylate Crosspolymer, Rehmannia Chinensis Root Extract, Iron Oxides (Ci 77492), Polyquaternium-51, Tocopherol, Iron Oxides (Ci 77491), Rosa Roxburghii Fruit Extract, Benzoic Acid, Citric Acid.",1,1,1,1,0,white_lucent_luminizing_surge,shiseido,treatment,shiseido_white_lucent_luminizing_surge,0.0,16.0,6796.0,4.5,2.5,Treatments,24.8,28.12,0.24,"Butylene Glycol;Glycerin;Hydrogenated Polydecene;Dipropylene Glycol;Dimethicone;Xylitol;Isodecyl Neopentanoate;Peg-60 Glyceryl Isostearate;Cetyl Ethylhexanoate;Potassium Methoxysalicylate;Peg-5 Glyceryl Stearate;Behenyl Alcohol;Microcrystalline Wax(Cera Microcristallina/Cire Microcristalline);Stearic Acid;Phenoxyethanol;Isostearic Acid;Behenic Acid;Hydrogenated Palm Oil;Batyl Alcohol;Potassium Hydroxide;Carbomer;Elaeis Guineensis (Palm) Kernel Oil;Methylparaben;Elaeis Guineensis (Palm) Oil;Peg/Ppg-14/7 Dimethyl Ether;Tocopheryl Acetate;2-O-Ethyl Ascorbic Acid;Fragrance (Parfum);Succinoglycan;Disodium Edta;Sodium Metaphosphate;Butylphenyl Methylpropional;Sodium Metabisulfite;Limonene;Linalool;Alpha-Isomethyl Ionone;Sodium Hyaluronate;Prunus Yedoensis Leaf Extract;Paeonia Albiflora Root Extract;Crataegus Monogyna Flower Extract;Acrylates/C10-30 Alkyl Acrylate Crosspolymer;Rehmannia Chinensis Root Extract;Iron Oxides (Ci 77492);Polyquaternium-51;Tocopherol;Iron Oxides (Ci 77491);Rosa Roxburghii Fruit Extract;Benzoic Acid;Citric Acid,",0.0,16.0,6796.0,4.5,2.5,Treatments,24.8,28.12,0.24,treatment,Low (3k - 7k)
Treatment,DR. DENNIS GROSS SKINCARE,C+ Collagen Brighten & Firm Vitamin C Serum,78,3.9,"Water, Glycerin, 3-O-Ethyl Ascorbic Acid, Niacinamide, Glycereth-7 Triacetate, Lactic Acid, SD Alcohol 40-B, Hydroxyethylcellulose, Dimethyl Isosorbide, Ascorbic Acid, Collagen Amino Acids, Superoxide Dismutase, Glycine, Carnitine HCl, Ubiquinone, Hexylresorcinol, Emblica Officinalis Fruit Extract, Hydrolyzed Soy Protein, Tetrahexyldecyl Ascorbate, Isoquercetin, Mandelic Acid, Pueraria Lobata Root Extract, Curcuma Longa (Turmeric) Root Extract, Phytic Acid, Citric Acid, Tetrasodium EDTA, Sodium Citrate, Butylene Glycol, Xanthan Gum, Polysorbate 20, T-Butyl Alcohol, Sodium Hydroxide, Polysorbate 80, Denatonium Benzoate, Benzyl Alcohol, Phenoxyethanol, Sodium Benzoate, Potassium Sorbate, Natural Colorant.",1,1,1,1,1,c_collagen_brighten_firm_vitamin_c_serum,dr._dennis_gross_skincare,treatment,dr._dennis_gross_skincare_c_collagen_brighten_firm_vitamin_c_serum,0.0,108.0,14207.0,3.9074,1.0,Treatments,78.0,3.62,0.76,"Glycerin;3-O-Ethyl Ascorbic Acid;Niacinamide;Glycereth-7 Triacetate;Lactic Acid;SD Alcohol 40-B;Hydroxyethylcellulose;Dimethyl Isosorbide;Ascorbic Acid;Collagen Amino Acids;Superoxide Dismutase;Glycine;Carnitine HCl;Ubiquinone;Hexylresorcinol;Emblica Officinalis Fruit Extract;Hydrolyzed Soy Protein;Tetrahexyldecyl Ascorbate;Isoquercetin;Mandelic Acid;Pueraria Lobata Root Extract;Curcuma Longa (Turmeric) Root Extract;Phytic Acid;Citric Acid;Tetrasodium EDTA;Sodium Citrate;Butylene Glycol;Xanthan Gum;Polysorbate 20;T-Butyl Alcohol;Sodium Hydroxide;Polysorbate 80;Denatonium Benzoate;Benzyl Alcohol;Phenoxyethanol;Sodium Benzoate;Potassium Sorbate;Natural Colorant,",0.0,108.0,14207.0,3.9074,1.0,Treatments,78.0,3.62,0.76,treatment,High (13k - 26k)
Treatment,J.ONE,Red Jelly Pack,42,3.9,"Water, Butylene Glycol, Glycerin, Niacinamide, PEG-150 Distearate, Polysorbate 80, Pentylene Glycol, Chondrus Crispus Extract, Saccharum Officinarum (Sugarcane) Extract, Sea Water, Eclipta Prostrata Extract, Hydrolyzed Collagen, Melia Azadirachta Leaf Extract, Hibiscus Sabdariffa Flower Extract, Moringa Oleifera Seed Oil, Camellia Japonica Flower Extract, Carica Papaya (Papaya) Fruit Extract, Pancratium Maritimum Extract, Haematococcus Pluvialis Extract, PEG-240/HDI Copolymer Bis-Decyltetradeceth-20 Ether, Caprylyl Glycol, Octyldodeceth-16, PEG-60 Hydrogenated Castor Oil, Aminomethyl Propanol, Adenosine, Hydrolyzed Hyaluronic Acid, Propanediol, Caprylic/Capric Triglyceride, Sodium Hyaluronate Crosspolymer, Hydrolyzed Glycosaminoglycans, Disodium Adenosine Triphosphate, 1,2-Hexanediol, Sodium Hyaluronate, Lecithin, Polyglutamic Acid, Saccharide Isomerate, Benzyl Glycol, Algin, Ceramide NP, Creatine, Potassium Laurate, Sodium Hydroxide, Cholesterol, Oleic Acid, Ethylhexylglycerin, Sodium Ascorbyl Phosphate, Astaxanthin, Hyaluronic Acid, Raspberry Ketone, Cyanocobalamin, Carbomer, BHT, Disodium EDTA, Phenoxyethanol, Fragrance.",1,1,1,1,1,red_jelly_pack,j.one,treatment,j.one_red_jelly_pack,0.0,21.0,4133.0,4.1905,1.69,Treatments,24.85,19.95,0.51,"Butylene Glycol;Glycerin;Niacinamide;PEG-150 Distearate;Polysorbate 80;Pentylene Glycol;Chondrus Crispus Extract;Saccharum Officinarum (Sugarcane) Extract;Sea Water;Eclipta Prostrata Extract;Hydrolyzed Collagen;Melia Azadirachta Leaf Extract;Hibiscus Sabdariffa Flower Extract;Moringa Oleifera Seed Oil;Camellia Japonica Flower Extract;Carica Papaya (Papaya) Fruit Extract;Pancratium Maritimum Extract;Haematococcus Pluvialis Extract;PEG-240/HDI Copolymer Bis-Decyltetradeceth-20 Ether;Caprylyl Glycol;Octyldodeceth-16;PEG-60 Hydrogenated Castor Oil;Aminomethyl Propanol;Adenosine;Hydrolyzed Hyaluronic Acid;Propanediol;Caprylic/Capric Triglyceride;Sodium Hyaluronate Crosspolymer;Hydrolyzed Glycosaminoglycans;Disodium Adenosine Triphosphate;1,2-Hexanediol;Sodium Hyaluronate;Lecithin;Polyglutamic Acid;Saccharide Isomerate;Benzyl Glycol;Algin;Ceramide NP;Creatine;Potassium Laurate;Sodium Hydroxide;Cholesterol;Oleic Acid;Ethylhexylglycerin;Sodium Ascorbyl Phosphate;Astaxanthin;Hyaluronic Acid;Raspberry Ketone;Cyanocobalamin;Carbomer;BHT;Disodium EDTA;Phenoxyethanol;Fragrance,",0.0,21.0,4133.0,4.1905,1.69,Treatments,24.85,19.95,0.51,treatment,Low (3k - 7k)
Treatment,COVER FX,Anti-Aging Primer,38,4.2,"Cyclopentasiloxane, Dimethicone Crosspolymer, C12-15 Alkyl Benzoate, Dimethicone/Vinyl Dimethicone Crosspolymer, Cetyl PEG/PPG-10/1 Dimethicone, Water, Glycerin, Polyglyceryl-4 Isostearate, Caprylic/Capric Triglyceride, Phenyl Methicone, Polyethylene, Squalane, Sodium Hyaluronate, Ubiquinone, Hexapeptide-3, Palmitoyl Tripeptide-38, Tocopheryl Acetate, Tocopherol, Tetrahexyldecyl Ascorbate, Phenoxyethanol, Bisabolol, Dimethicone, Dimethiconol, Caprylyl Glycol, Butylene Glycol, Potassium Sorbate, Phytosphingosine, Ethyl Linoleate, Ethyl Linolenate, Ethyl Oleate, Hexylene Glycol, Hydroxypropyl Cyclodextrin.",0,0,0,0,0,anti_aging_primer,cover_fx,treatment,cover_fx_anti_aging_primer,,,,,,,,,,"Cyclopentasiloxane;Dimethicone Crosspolymer;C12-15 Alkyl Benzoate;Dimethicone/Vinyl Dimethicone Crosspolymer;Cetyl PEG/PPG-10/1 Dimethicone;Glycerin;Polyglyceryl-4 Isostearate;Caprylic/Capric Triglyceride;Phenyl Methicone;Polyethylene;Squalane;Sodium Hyaluronate;Ubiquinone;Hexapeptide-3;Palmitoyl Tripeptide-38;Tocopheryl Acetate;Tocopherol;Tetrahexyldecyl Ascorbate;Phenoxyethanol;Bisabolol;Dimethicone;Dimethiconol;Caprylyl Glycol;Butylene Glycol;Potassium Sorbate;Phytosphingosine;Ethyl Linoleate;Ethyl Linolenate;Ethyl Oleate;Hexylene Glycol;Hydroxypropyl Cyclodextrin,",,,,,,,,,,treatment,nan
Treatment,YOUTH TO THE PEOPLE,Superfood Firm and Brighten Vitamin C Serum,62,3.9,"Water, Lactic Acid, Citric Acid, Malic Acid, Glycerin, Palmitoyl Tripeptide- 5, Magnesium Ascorbyl Phosphate (Vitamin C), Butylene Glycol, Brassica Oleracea (Kale) Leaf Extract, Spinacia Oleracea (Spinach) Leaf Extract, Camellia Sinensis (Green Tea) Leaf Extract, Chamomile Recutita (Matricaria) Flower Extract, Medicago Sativa (Alfalfa) Leaf E xtract, Aloe Barbadensis (Aloe Vera) Leaf Extract, Sodium Hyaluronate Crosspolymer, Panthenol (Vitamin B5), Heptyl Glucoside, Hydroxyethylcellulose, Sodium Hyaluronate, Natural Fragrance, Superoxide Dismutase, L-Tyrosine, Sodium Citrate, Magnesium Chloride, Pentylene Glycol, Ethylhexylglycerin, Phenoxyethanol, Potassium Sorbate, Sodium Benzoate.",1,1,1,1,1,superfood_firm_and_brighten_vitamin_c_serum,youth_to_the_people,treatment,youth_to_the_people_superfood_firm_and_brighten_vitamin_c_serum,1.0,102.0,11724.0,3.9608,1.0,Treatments,62.0,3.88,0.87,"Lactic Acid;Citric Acid;Malic Acid;Glycerin;Palmitoyl Tripeptide- 5;Magnesium Ascorbyl Phosphate (Vitamin C);Butylene Glycol;Brassica Oleracea (Kale) Leaf Extract;Spinacia Oleracea (Spinach) Leaf Extract;Camellia Sinensis (Green Tea) Leaf Extract;Chamomile Recutita (Matricaria) Flower Extract;Medicago Sativa (Alfalfa) Leaf E xtract;Aloe Barbadensis (Aloe Vera) Leaf Extract;Sodium Hyaluronate Crosspolymer;Panthenol (Vitamin B5);Heptyl Glucoside;Hydroxyethylcellulose;Sodium Hyaluronate;Natural Fragrance;Superoxide Dismutase;L-Tyrosine;Sodium Citrate;Magnesium Chloride;Pentylene Glycol;Ethylhexylglycerin;Phenoxyethanol;Potassium Sorbate;Sodium Benzoate,",1.0,102.0,11724.0,3.9608,1.0,Treatments,62.0,3.88,0.87,treatment,Medium (7k - 13k)
Treatment,KATE SOMERVILLE,+Retinol Vita C Power Serum,98,3.9,"Water, Dimethicone, Propanediol, Polysilicone-11, Polysorbate 20, Isocetyl Stearate, Volcanic Soil, Glyceryl Stearate, Isohexadecane, PEG-100 Stearate, Fragrance, Retinol, Ascorbic Acid, Tocopheryl Acetate, Hyaluronic Acid, Physalis Angulata Extract, Sodium Hyaluronate, Tocopherol, Hexapeptide-2, Ethylhexylglycerin, Amylopectin, PEG-7 Trimethylolpropane Coconut Ether, Adenosine, Hydroxyethyl Acrylate/Sodium Acryloyldimethyl Taurate Copolymer, 1,2-Hexanediol, Butylene Glycol, Ammonium Polyacryloyldimethyl Taurate, Caprylic/Capric Triglyceride, Polyisobutene, Sorbitan Isostearate, Stearic Acid, Polysorbate 80, Dimethiconol, Caprylhydroxamic Acid, BHA, BHT, Disodium EDTA.",1,1,1,1,0,retinol_vita_c_power_serum,kate_somerville,treatment,kate_somerville_retinol_vita_c_power_serum,0.0,72.0,3485.0,3.7361,1.0,Treatments,98.0,5.19,2.07,"Dimethicone;Propanediol;Polysilicone-11;Polysorbate 20;Isocetyl Stearate;Volcanic Soil;Glyceryl Stearate;Isohexadecane;PEG-100 Stearate;Fragrance;Retinol;Ascorbic Acid;Tocopheryl Acetate;Hyaluronic Acid;Physalis Angulata Extract;Sodium Hyaluronate;Tocopherol;Hexapeptide-2;Ethylhexylglycerin;Amylopectin;PEG-7 Trimethylolpropane Coconut Ether;Adenosine;Hydroxyethyl Acrylate/Sodium Acryloyldimethyl Taurate Copolymer;1,2-Hexanediol;Butylene Glycol;Ammonium Polyacryloyldimethyl Taurate;Caprylic/Capric Triglyceride;Polyisobutene;Sorbitan Isostearate;Stearic Acid;Polysorbate 80;Dimethiconol;Caprylhydroxamic Acid;BHA;BHT;Disodium EDTA,",0.0,72.0,3485.0,3.7361,1.0,Treatments,98.0,5.19,2.07,treatment,Low (3k - 7k)
Treatment,ESTÉE LAUDER,Idealist Pore Minimizing Skin Refinisher,86,4.0,"Idealist Extra Pore Min Skin Refin Division: El (Estee Lauder)Ingredients: Water , Cyclopentasiloxane , Dimethicone , Polysilicone-11 , Acetyl Glucosamine , Sodium Lactobionate , Morus Nigra (Mulberry) Root Extract , Yeast Extract/Faex/Extrait De Levure , Serenoa Serrulata (Saw Palmetto) Fruit Extract , Triticum Vulgare (Wheat) Germ Extract , Vitis Vinifera (Grape) Fruit Extract , Scutellaria Baicalensis Extract , Castanea Sativa (Chestnut) Seed Extract , Camellia Sinensis (Green Tea) Leaf Extract , Hordeum Vulgare (Barley) Extract/Extrait D'Orge , Lavandula Angustifolia (Lavender) , Amorphophallus Konjac Root Powder , Caffeine , Laminaria Saccharina Extract , Tocopheryl Acetate , Salvia Sclarea (Clary) Extract , Sodium Hyaluronate , Coriandrum Sativum (Coriander) , Citrus Grandis (Grapefruit California) , Cholesterol , Glycerin , Ethylhexylglycerin , Squalane , Polyethylene , Isopentyldiol , Phenyl Trimethicone , Isohexadecane , Polysorbate 20 , Pantethine , Methyldihydrojasmonate , Acrylamide/Sodium Acryloyldimethyltaurate Copolymer , Ammonium Acryloyldimethyltaurate/Vp Copolymer , Polysorbate 80 , Peg-8 , Ethyl 2,2-Dimethylhydrocinnamal , Phospholipids , Palmitoyl Oligopeptide , Butylene Glycol , Magnesium Ascorbyl Phosphate , Glyceryl Polymethacrylate , Sodium Glycyrrhetinate , Nordihydroguaiaretic Acid , Chlorphenesin , Phenoxyethanol , Limonene , Linalool , Iron Oxides (Ci 77491, Ci 77492, Ci 77499) , Mica , Titanium Dioxide (Ci 77891)",0,0,0,0,0,idealist_pore_minimizing_skin_refinisher,estée_lauder,treatment,estée_lauder_idealist_pore_minimizing_skin_refinisher,,,,,,,,,,"Idealist Extra Pore Min Skin Refin Division: El (Estee Lauder)Ingredients: Water;Cyclopentasiloxane;Dimethicone;Polysilicone-11;Acetyl Glucosamine;Sodium Lactobionate;Morus Nigra (Mulberry) Root Extract;Yeast Extract/Faex/Extrait De Levure;Serenoa Serrulata (Saw Palmetto) Fruit Extract;Triticum Vulgare (Wheat) Germ Extract;Vitis Vinifera (Grape) Fruit Extract;Scutellaria Baicalensis Extract;Castanea Sativa (Chestnut) Seed Extract;Camellia Sinensis (Green Tea) Leaf Extract;Hordeum Vulgare (Barley) Extract/Extrait D'Orge;Lavandula Angustifolia (Lavender);Amorphophallus Konjac Root Powder;Caffeine;Laminaria Saccharina Extract;Tocopheryl Acetate;Salvia Sclarea (Clary) Extract;Sodium Hyaluronate;Coriandrum Sativum (Coriander);Citrus Grandis (Grapefruit California);Cholesterol;Glycerin;Ethylhexylglycerin;Squalane;Polyethylene;Isopentyldiol;Phenyl Trimethicone;Isohexadecane;Polysorbate 20;Pantethine;Methyldihydrojasmonate;Acrylamide/Sodium Acryloyldimethyltaurate Copolymer;Ammonium Acryloyldimethyltaurate/Vp Copolymer;Polysorbate 80;Peg-8;Ethyl 2,2-Dimethylhydrocinnamal;Phospholipids;Palmitoyl Oligopeptide;Butylene Glycol;Magnesium Ascorbyl Phosphate;Glyceryl Polymethacrylate;Sodium Glycyrrhetinate;Nordihydroguaiaretic Acid;Chlorphenesin;Phenoxyethanol;Limonene;Linalool;Iron Oxides (Ci 77491;Ci 77492;Ci 77499);Mica;Titanium Dioxide (Ci 77891)",0.0,67.0,7929.0,3.9851,1.7,Treatments,50.59,5.95,0.84,treatment,nan
Treatment,CLINIQUE,Fresh Pressed Daily Booster with Pure Vitamin C 10%,19,4.0,"Water , Ascorbic Acid , Glycerin , Dimethicone , Squalane , Butylene Glycol , Dipropylene Glycol , Acetyl Glucosamine , Cucumis Sativus (Cucumber) Fruit Extract , Hordeum Vulgare (Barley) Extract/Extrait D'Orge , Morus Nigra (Mulberry) Root Extract , Molasses Extract/Saccharum Officinarum/Extrait De Melasse , Laminaria Digitata Extract , Scutellaria Baicalensis Root Extract , Acetyl Hexapeptide-8 , Vitis Vinifera (Grape) Fruit Extract , Algae Extract , Palmitoyl Hexapeptide-12 , Palmitoyl Tripeptide-1 , Palmitoyl Tetrapeptide-7 , Alcaligenes Polysaccharides , Caffeine , Sucrose , Whey Protein/Lactis Protein/Proteine Du Petit-Lait , Betaine , Salicylic Acid , Glycine Soja (Soybean) Protein , Sodium Hyaluronate , Caprylyl Glycol , Sigesbeckia Orientalis (St. Paul'S Wort) Extract , Bis-Peg-18 Methyl Ether Dimethyl Silane , Propylene Glycol Dicaprate , Helianthus Annuus (Sunflower) Seedcake , Allyl Methacrylates Crosspolymer , Carbomer , Glyceryl Polymethacrylate , Tromethamine , Xanthan Gum , Potassium Sorbate , Peg-8 , Polysorbate 20 , Sodium Citrate , Disodium Edta , Phenoxyethanol",1,1,1,1,1,fresh_pressed_daily_booster_with_pure_vitamin_c_10,clinique,treatment,clinique_fresh_pressed_daily_booster_with_pure_vitamin_c_10,0.0,102.0,15139.0,4.0686,,Treatments,,3.99,0.67,"Ascorbic Acid;Glycerin;Dimethicone;Squalane;Butylene Glycol;Dipropylene Glycol;Acetyl Glucosamine;Cucumis Sativus (Cucumber) Fruit Extract;Hordeum Vulgare (Barley) Extract/Extrait D'Orge;Morus Nigra (Mulberry) Root Extract;Molasses Extract/Saccharum Officinarum/Extrait De Melasse;Laminaria Digitata Extract;Scutellaria Baicalensis Root Extract;Acetyl Hexapeptide-8;Vitis Vinifera (Grape) Fruit Extract;Algae Extract;Palmitoyl Hexapeptide-12;Palmitoyl Tripeptide-1;Palmitoyl Tetrapeptide-7;Alcaligenes Polysaccharides;Caffeine;Sucrose;Whey Protein/Lactis Protein/Proteine Du Petit-Lait;Betaine;Salicylic Acid;Glycine Soja (Soybean) Protein;Sodium Hyaluronate;Caprylyl Glycol;Sigesbeckia Orientalis (St, Paul'S Wort) Extract;Bis-Peg-18 Methyl Ether Dimethyl Silane;Propylene Glycol Dicaprate;Helianthus Annuus (Sunflower) Seedcake;Allyl Methacrylates Crosspolymer;Carbomer;Glyceryl Polymethacrylate;Tromethamine;Xanthan Gum;Potassium Sorbate;Peg-8;Polysorbate 20;Sodium Citrate;Disodium Edta;Phenoxyethanol",0.0,102.0,15139.0,4.0686,,Treatments,,3.99,0.67,treatment,High (13k - 26k)
Treatment,PERRICONE MD,No Foundation Foundation Serum SPF 30,60,4.3,"Cyclopentasiloxane, Dimethicone, Water, Titanium Dioxide CI 77891), PEG-10 Dimethicone, PEG-9 Polydimethylsiloxyethyl Dimethicone, Methyl Trimethicone, Iron Oxides (CI 77491, CI 77492, CI 77499), Acrylates/ Dimethicone Copolymer, Dimethicone/PEG-10/15 Crosspolymer, Sodium Chloride, Silica, PEG/PPG-18/18 Dimethicone, Ethyl Ferulate, Phenoxyethanol, Caprylyl Glycol, Sodium Lactate, Dimethicone/Vinyl Dimethicone Crosspolymer, Phoenix Dactylifera (Date) Fruit Extract, Potassium Sorbate, Disodium EDTA, Thioctic Acid, Triethoxycaprylylsilane, Hexylene Glycol, Ascorbyl Palmitate, Dimethyl MEA, Tocopheryl Acetate, Palmitoyl Oligopeptide, Palmitoyl Tripeptide-5.",1,1,1,1,1,no_foundation_foundation_serum_spf_30,perricone_md,treatment,perricone_md_no_foundation_foundation_serum_spf_30,,,,,,,,,,"Cyclopentasiloxane;Dimethicone;Titanium Dioxide CI 77891);PEG-10 Dimethicone;PEG-9 Polydimethylsiloxyethyl Dimethicone;Methyl Trimethicone;Iron Oxides (CI 77491;CI 77492;CI 77499);Acrylates/ Dimethicone Copolymer;Dimethicone/PEG-10/15 Crosspolymer;Sodium Chloride;Silica;PEG/PPG-18/18 Dimethicone;Ethyl Ferulate;Phenoxyethanol;Caprylyl Glycol;Sodium Lactate;Dimethicone/Vinyl Dimethicone Crosspolymer;Phoenix Dactylifera (Date) Fruit Extract;Potassium Sorbate;Disodium EDTA;Thioctic Acid;Triethoxycaprylylsilane;Hexylene Glycol;Ascorbyl Palmitate;Dimethyl MEA;Tocopheryl Acetate;Palmitoyl Oligopeptide;Palmitoyl Tripeptide-5,",,,,,,,,,,treatment,nan
Treatment,PHILOSOPHY,Turbo Booster C Powder,39,4.5,"Ascorbic Acid, Panthenol, Zinc Pca, Copper Pca, Camellia Oleifera Leaf Juice, Dipotassium Glycyrrhizinate, Arginine, Cysteine, Aloe Barbadensis Leaf Juice.",0,0,0,0,0,turbo_booster_c_powder,philosophy,treatment,philosophy_turbo_booster_c_powder,0.0,777.0,15526.0,4.4504,0.25,Treatments,156.0,0.57,5.0,"Ascorbic Acid;Panthenol;Zinc Pca;Copper Pca;Camellia Oleifera Leaf Juice;Dipotassium Glycyrrhizinate;Arginine;Cysteine;Aloe Barbadensis Leaf Juice,",0.0,777.0,15526.0,4.4504,0.25,Treatments,156.0,0.57,5.0,treatment,High (13k - 26k)
Treatment,FOREO,Espada Acne-Clearing Blue Light Pen,149,3.9,Visit the Foreo boutique,1,1,1,1,1,espada_acne_clearing_blue_light_pen,foreo,treatment,foreo_espada_acne_clearing_blue_light_pen,,,,,,,,,,Visit the Foreo boutique,,,,,,,,,,treatment,nan
Treatment,PERRICONE MD,H2 Elemental Energy Hydrating Booster Serum,100,4.1,"Water, Methyl Gluceth-20, Ascorbyl Glucoside, Betaine, Ectoin, Hydrolyzed Sodium Hyaluronate, Dipotassium Glycyrrhizate, Sea Whip Extract, Lactobacillus Ferment, Panthenol, Sodium Hyaluronate, Tocopherol, Saccharide Isomerate, Allantoin, 1,2-Hexandiol, Acrylates/Vinyl Isodecanoate Crosspolymer, Butylene Glycol, Caprylyl Glycol, Polysorbate 20, Potassium Hydroxide, Sodium Borohydride, Trisodium Ethylene diamine Disuccinate, Phosphatidycholine.",1,1,1,1,1,h2_elemental_energy_hydrating_booster_serum,perricone_md,treatment,perricone_md_h2_elemental_energy_hydrating_booster_serum,0.0,10.0,3117.0,3.7,1.0,Treatments,100.0,37.0,0.32,"Methyl Gluceth-20;Ascorbyl Glucoside;Betaine;Ectoin;Hydrolyzed Sodium Hyaluronate;Dipotassium Glycyrrhizate;Sea Whip Extract;Lactobacillus Ferment;Panthenol;Sodium Hyaluronate;Tocopherol;Saccharide Isomerate;Allantoin;1,2-Hexandiol;Acrylates/Vinyl Isodecanoate Crosspolymer;Butylene Glycol;Caprylyl Glycol;Polysorbate 20;Potassium Hydroxide;Sodium Borohydride;Trisodium Ethylene diamine Disuccinate;Phosphatidycholine,",0.0,10.0,3117.0,3.7,1.0,Treatments,100.0,37.0,0.32,treatment,Very Low (0 - 3k)
Treatment,OLEHENRIKSEN,Power Peel™ Transforming Facial System,50,4.6,"Water, Kaolin, Prunus Amygdalus Dulcis (Sweet Almond) Oil, Glycerin, Cetyl Alcohol, Caprylic/Capric Triglyceride, Helianthus Annuus (Sunflower) Seed Oil, Glyceryl Stearate SE, Titanium Dioxide (CI 77891), Magnesium Aluminum Silicate, Dimethicone, Ceteareth-20, Aloe Barbadensis Leaf Juice, Phenoxyethanol, Tocopheryl Acetate, Bisabolol, Sodium Benzoate, Parfum/Fragrance, Caprylyl Glycol, Algae Extract, Potassium Sorbate, Vitis Vinifera (Grape) Seed Oil, Simmondsia Chinensis (Jojoba) Seed Oil, Hexylene Glycol, Ethylhexylglycerin, Chamomilla Recutita (Matricaria) Flower Extract, Borago Officinalis Seed Oil, Allantoin, Oenothera Biennis (Evening Primrose) Seed Extract, Citric Acid, Tocopherol, Sodium Sulfite, Ascorbyl Palmitate, Hydroxycitronellal, Linalool.",1,1,1,1,1,power_peel_transforming_facial_system,olehenriksen,treatment,olehenriksen_power_peel_transforming_facial_system,,,,,,,,,,"Kaolin;Prunus Amygdalus Dulcis (Sweet Almond) Oil;Glycerin;Cetyl Alcohol;Caprylic/Capric Triglyceride;Helianthus Annuus (Sunflower) Seed Oil;Glyceryl Stearate SE;Titanium Dioxide (CI 77891);Magnesium Aluminum Silicate;Dimethicone;Ceteareth-20;Aloe Barbadensis Leaf Juice;Phenoxyethanol;Tocopheryl Acetate;Bisabolol;Sodium Benzoate;Parfum/Fragrance;Caprylyl Glycol;Algae Extract;Potassium Sorbate;Vitis Vinifera (Grape) Seed Oil;Simmondsia Chinensis (Jojoba) Seed Oil;Hexylene Glycol;Ethylhexylglycerin;Chamomilla Recutita (Matricaria) Flower Extract;Borago Officinalis Seed Oil;Allantoin;Oenothera Biennis (Evening Primrose) Seed Extract;Citric Acid;Tocopherol;Sodium Sulfite;Ascorbyl Palmitate;Hydroxycitronellal;Linalool,",0.0,973.0,31696.0,4.5961,,,,0.47,3.07,treatment,nan
Treatment,LIGHTSTIM,Lightstim® for Acne,169,4.0,Visit the LightStim boutique,1,1,1,1,1,lightstim_for_acne,lightstim,treatment,lightstim_lightstim_for_acne,,,,,,,,,,Visit the LightStim boutique,0.0,6.0,2259.0,4.3333,,,,72.22,0.27,treatment,nan
Treatment,KORRES,"Black Pine 3D Sculpting, Firming & Lifting Face Serum",75,4.8,"Water, Pentylene Glycol, Sinorhizobium Meliloti Ferment Filtrate, Saccharomyces/Xylinum/ Black Tea Ferment, Glycerin, Ascorbyl Palmitate, Avena Sativa (Oat) Kernel Extract, Benzyl Alcohol, Brassica Napus Extract, Butylene Glycol, Cetyl Hydroxyethylcellulose, Epigallocatechin Gallate, Epigallocatechin Gallatyl Glucoside, Ethylhexylglycerin, Glyceryl Acrylate/Acrylic Acid Copolymer, Helianthus Annuus (Sunflower) Seed Oil, Hexapeptide-11, Hydrolyzed Sodium Hyaluronate, Hydrolyzed Soybean Fiber, Hydroxyethylcellulose, Lactic Acid, Lecithin, Parfum/Fragrance, Peucedanum Graveolens (Dill) Extract, Phenoxyethanol, Pinus Nigra Bud/Needle Extract, Polyacrylate Crosspolymer-6, Polyglyceryl-5 Laurate, Potassium Sorbate, Sodium Benzoate, Sodium Carboxymethyl Beta-Glucan, Sodium Dehydroacetate, Sodium Hyaluronate, Tetrasodium Glutamate Diacetate, Tocopherol, Xanthan Gum.",1,1,1,1,1,"black_pine_3d_sculpting,_firming_lifting_face_serum",korres,treatment,"korres_black_pine_3d_sculpting,_firming_lifting_face_serum",1.0,27.0,3135.0,4.3333,1.01,Treatments,74.26,16.05,0.86,"Pentylene Glycol;Sinorhizobium Meliloti Ferment Filtrate;Saccharomyces/Xylinum/ Black Tea Ferment;Glycerin;Ascorbyl Palmitate;Avena Sativa (Oat) Kernel Extract;Benzyl Alcohol;Brassica Napus Extract;Butylene Glycol;Cetyl Hydroxyethylcellulose;Epigallocatechin Gallate;Epigallocatechin Gallatyl Glucoside;Ethylhexylglycerin;Glyceryl Acrylate/Acrylic Acid Copolymer;Helianthus Annuus (Sunflower) Seed Oil;Hexapeptide-11;Hydrolyzed Sodium Hyaluronate;Hydrolyzed Soybean Fiber;Hydroxyethylcellulose;Lactic Acid;Lecithin;Parfum/Fragrance;Peucedanum Graveolens (Dill) Extract;Phenoxyethanol;Pinus Nigra Bud/Needle Extract;Polyacrylate Crosspolymer-6;Polyglyceryl-5 Laurate;Potassium Sorbate;Sodium Benzoate;Sodium Carboxymethyl Beta-Glucan;Sodium Dehydroacetate;Sodium Hyaluronate;Tetrasodium Glutamate Diacetate;Tocopherol;Xanthan Gum,",1.0,27.0,3135.0,4.3333,1.01,Treatments,74.26,16.05,0.86,treatment,Very Low (0 - 3k)
Treatment,PETER THOMAS ROTH,Acne System,35,4.3,-4% Glycolic Acid Complex: Helps to exfoliate dead surface skin cells and helps stimulate cellular turnover. -Allantoin: Helps soothe and calm the skin. -Aloe Vera: Helps soothe and hydrate the skin. -2% Salicylic Acid (BHA): Helps loosen sebum within the pores and prevent future breakouts.,1,1,1,1,1,acne_system,peter_thomas_roth,treatment,peter_thomas_roth_acne_system,0.0,166.0,14241.0,4.2831,,Treatments,,2.58,1.17,"-4% Glycolic Acid Complex: Helps to exfoliate dead surface skin cells and helps stimulate cellular turnover, -Allantoin: Helps soothe and calm the skin, -Aloe Vera: Helps soothe and hydrate the skin, -2% Salicylic Acid (BHA): Helps loosen sebum within the pores and prevent future breakouts,",0.0,166.0,14241.0,4.2831,,Treatments,,2.58,1.17,treatment,High (13k - 26k)
Treatment,BECCA,Ever-Matte Poreless Priming Perfector,38,3.6,"Water, Magnesium Aluminum Silicate, Propylene Glycol, Phenoxyethanol, Methylparaben, Propylparaben, Butylene Glycol, Enantia Chlorantha Bark Extract, Oleanolic Acid.",1,0,0,1,0,ever_matte_poreless_priming_perfector,becca,treatment,becca_ever_matte_poreless_priming_perfector,0.0,2000.0,55599.0,3.5915,1.35,Treatments,28.89,0.18,3.6,"Magnesium Aluminum Silicate;Propylene Glycol;Phenoxyethanol;Methylparaben;Propylparaben;Butylene Glycol;Enantia Chlorantha Bark Extract;Oleanolic Acid,",0.0,2000.0,55599.0,3.5915,1.35,Treatments,28.89,0.18,3.6,treatment,Very High (26k - 193k)
Treatment,PHILOSOPHY,Help Me,49,4.4,"Water, Caprylic/Capric Triglyceride, Emulsfying Wax, Glycerin, C10-30 Cholesterol, Lanosterol Esters, Cetyl Ricinoleate, Cetyl Alcohol, Dimethicone, Benzyl Alcohol, Cyclomethicone, Retinol , Tocopherol Acetate, Ascorbyl Palmitate, Methyl Methacrylate/ Glycol Dimethacrylate Crosspolymer, Stearic Acid, Peg-10 Soy Sterol, Phenoxyethanol, Magnesium Aluminum Silicate, Methylparaben, Triethanolamine, Disodium Edta, Bisabolol, Bht, Polysorbate 20, Propyl Gallate, Ascorbic Acid.",0,0,0,0,0,help_me,philosophy,treatment,philosophy_help_me,0.0,1000.0,20485.0,4.3627,1.05,Treatments,46.67,0.44,4.88,"Caprylic/Capric Triglyceride;Emulsfying Wax;Glycerin;C10-30 Cholesterol;Lanosterol Esters;Cetyl Ricinoleate;Cetyl Alcohol;Dimethicone;Benzyl Alcohol;Cyclomethicone;Retinol;Tocopherol Acetate;Ascorbyl Palmitate;Methyl Methacrylate/ Glycol Dimethacrylate Crosspolymer;Stearic Acid;Peg-10 Soy Sterol;Phenoxyethanol;Magnesium Aluminum Silicate;Methylparaben;Triethanolamine;Disodium Edta;Bisabolol;Bht;Polysorbate 20;Propyl Gallate;Ascorbic Acid,",0.0,1000.0,20485.0,4.3627,1.05,Treatments,46.67,0.44,4.88,treatment,High (13k - 26k)
Treatment,REN CLEAN SKINCARE,Evercalm™ Anti-Redness Serum,48,3.8,Visit the REN Clean Skincare boutique,1,1,1,1,1,evercalm_anti_redness_serum,ren_clean_skincare,treatment,ren_clean_skincare_evercalm_anti_redness_serum,,,,,,,,,,Visit the REN Clean Skincare boutique,1.0,147.0,10279.0,3.8231,1.02,,49.02,2.6,1.43,treatment,nan
Treatment,ORIGINS,Plantscription™ Anti-Aging Power Serum,60,3.9,"Water, Butylene Glycol, Dimethicone, Jojoba Esters, Glycerin, Rosa Damascena Flower Oil*, Lavandula Angustifolia (Lavender) Oil*, Pelargonium Graveolens Flower Oil*, Illicium Verum (Anise) Fruit/Seed Oil*, Citrus Aurantium Bergamia (Bergamot) Fruit Oil*, Carthamus Tinctorius (Safflower) Seed Oil*, Myristica Fragrans (Nutmeg) Kernel Oil*, Citrus Aurantium Dulcis (Orange) Peel Oil*, Citrus Nobilis (Mandarin Orange) Peel Oil*, Citrus Limon (Lemon) Peel Oil*, Litsea Cubeba Fruit Oil*, Hibiscus Abelmoschus Extract, Limonene, Linalool, Geraniol, Citronellol, Sigesbeckia Orientalis (St. Paul's Wort) Extract, Prunus Amygdalus Dulcis (Sweet Almond) Seed Extract, Anogeissus Leiocarpus Bark Extract, Pisum Sativum (Pea) Extract, Bambusa Vulgaris (Bamboo) Extract, Crithmum Maritimum Extract, Centaurium Erythraea (Centaury) Extract, Laminaria Digitata Extract, Coffea Arabica (Coffee) Seed Extract, Rosmarinus Officinalis (Rosemary) Leaf Extract, Rubus Idaeus (Raspberry) Leaf Extract, Polymethylsilsesquioxane, Cucumis Sativus (Cucumber) Fruit Extract, Pyrus Malus (Apple) Fruit Extract, Commiphora Mukul Resin Extract, Scutellaria Baicalensis Root Extract, Dicaprylyl Carbonate, Acetyl Hexapeptide-8, Caffeine, Phytosphingosine, Sodium Hyaluronate, Lecithin, Methyl Trimethicone, Glucosamine HCL, Hydrogenated Vegetable Oil, Hydrolyzed Algin, Micrococcus Lysate, Carbomer, Caprylic/Capric Triglyceride, Ammonium Acryloyldimethyltaurate/VP Copolymer, Caprylyl Glycol, Tetrahexyldecyl Ascorbate, Polysilicone-11, Tromethamine, Sodium Phytate, Hexylene Glycol, Silica, Phenoxyethanol. *Essential Oil",1,1,1,1,0,plantscription_anti_aging_power_serum,origins,treatment,origins_plantscription_anti_aging_power_serum,,,,,,,,,,"Butylene Glycol;Dimethicone;Jojoba Esters;Glycerin;Rosa Damascena Flower Oil*;Lavandula Angustifolia (Lavender) Oil*;Pelargonium Graveolens Flower Oil*;Illicium Verum (Anise) Fruit/Seed Oil*;Citrus Aurantium Bergamia (Bergamot) Fruit Oil*;Carthamus Tinctorius (Safflower) Seed Oil*;Myristica Fragrans (Nutmeg) Kernel Oil*;Citrus Aurantium Dulcis (Orange) Peel Oil*;Citrus Nobilis (Mandarin Orange) Peel Oil*;Citrus Limon (Lemon) Peel Oil*;Litsea Cubeba Fruit Oil*;Hibiscus Abelmoschus Extract;Limonene;Linalool;Geraniol;Citronellol;Sigesbeckia Orientalis (St, Paul's Wort) Extract;Prunus Amygdalus Dulcis (Sweet Almond) Seed Extract;Anogeissus Leiocarpus Bark Extract;Pisum Sativum (Pea) Extract;Bambusa Vulgaris (Bamboo) Extract;Crithmum Maritimum Extract;Centaurium Erythraea (Centaury) Extract;Laminaria Digitata Extract;Coffea Arabica (Coffee) Seed Extract;Rosmarinus Officinalis (Rosemary) Leaf Extract;Rubus Idaeus (Raspberry) Leaf Extract;Polymethylsilsesquioxane;Cucumis Sativus (Cucumber) Fruit Extract;Pyrus Malus (Apple) Fruit Extract;Commiphora Mukul Resin Extract;Scutellaria Baicalensis Root Extract;Dicaprylyl Carbonate;Acetyl Hexapeptide-8;Caffeine;Phytosphingosine;Sodium Hyaluronate;Lecithin;Methyl Trimethicone;Glucosamine HCL;Hydrogenated Vegetable Oil;Hydrolyzed Algin;Micrococcus Lysate;Carbomer;Caprylic/Capric Triglyceride;Ammonium Acryloyldimethyltaurate/VP Copolymer;Caprylyl Glycol;Tetrahexyldecyl Ascorbate;Polysilicone-11;Tromethamine;Sodium Phytate;Hexylene Glycol;Silica;Phenoxyethanol, *Essential Oil",,,,,,,,,,treatment,nan
Treatment,LANCER,Younger® Pure Youth Serum with MIMIXYL™,275,5.0,"Water, Aloe Barbadensis Leaf Extract, Dimethyl Isosorbide, Glycolic Acid, Glyceryl Stearate, PEG-100 Stearate, Neopentyl Glycol Diethylhexanoate, Sodium Hydroxide, Caprylic/Capric Triglyceride, Propanediol, Cetyl Alcohol Polymethylsilsesquioxane, HDI/Trimethylol Hexyllactone Crosspolymer, Hydroxyethylacrylate, Sodium Acryloyldimethyl Taurate Copolymer, Glycerin, Butylene Glycol, Cyclopentasiloxane, Cyclohexasiloxanehydroxyethylacrylate, Sodium Acryloyldimethyl Taurate, Copolymer, Cyclopentasiloxane, Cyclohexasiloxane, Glycolic Acid, Sodium Hydroxide, Hydroxypinacolone Retinoate, Bakuchiol, Tetrahexydecyl Ascorbate, Capryloyl Pentapeptide-26, Bidens Pilosa Extract, Saccharomyces Lysate Extract, Methyl Glucoside Phosphate Proline Lysine Copper Complex, Glycine (Soybean) Soja Extract, Tuber Aestivum Extract (White Truffle), Orchis Mascula Extract (Purple Orchid), Sodium Hyaluronate, Alpha Bisabolol, Allantoin, Chondrus Crispus Extract, Elaeis Guineensis (Palm) Oil, Gossypium Herbaceum (Cotton) Seed Oil, Linum Usitatissimum (Linseed) Seed Oil, Dimethicone, Vinyl Dimethicone Crosspolymer, Tocopheryl Acetate, PPG-12 SMDI Copolymer, Vitis Vinifera (Grape) Seed Oil, Hydrolyzed Chondrus Crispus Extract, Menthoxypropanediol, Vanillyl Butyl Ether, Magnesium Aluminum Silcate, Sodium Dihydroacetate, Citric Acid, Potassium Sorbate, Xanthan Gum, Disodium EDTA, Ethylhexylglycerin, Phenoxyethanol.",1,1,1,0,0,younger_pure_youth_serum_with_mimixyl,lancer,treatment,lancer_younger_pure_youth_serum_with_mimixyl,,,,,,,,,,"Aloe Barbadensis Leaf Extract;Dimethyl Isosorbide;Glycolic Acid;Glyceryl Stearate;PEG-100 Stearate;Neopentyl Glycol Diethylhexanoate;Sodium Hydroxide;Caprylic/Capric Triglyceride;Propanediol;Cetyl Alcohol Polymethylsilsesquioxane;HDI/Trimethylol Hexyllactone Crosspolymer;Hydroxyethylacrylate;Sodium Acryloyldimethyl Taurate Copolymer;Glycerin;Butylene Glycol;Cyclopentasiloxane;Cyclohexasiloxanehydroxyethylacrylate;Sodium Acryloyldimethyl Taurate;Copolymer;Cyclopentasiloxane;Cyclohexasiloxane;Glycolic Acid;Sodium Hydroxide;Hydroxypinacolone Retinoate;Bakuchiol;Tetrahexydecyl Ascorbate;Capryloyl Pentapeptide-26;Bidens Pilosa Extract;Saccharomyces Lysate Extract;Methyl Glucoside Phosphate Proline Lysine Copper Complex;Glycine (Soybean) Soja Extract;Tuber Aestivum Extract (White Truffle);Orchis Mascula Extract (Purple Orchid);Sodium Hyaluronate;Alpha Bisabolol;Allantoin;Chondrus Crispus Extract;Elaeis Guineensis (Palm) Oil;Gossypium Herbaceum (Cotton) Seed Oil;Linum Usitatissimum (Linseed) Seed Oil;Dimethicone;Vinyl Dimethicone Crosspolymer;Tocopheryl Acetate;PPG-12 SMDI Copolymer;Vitis Vinifera (Grape) Seed Oil;Hydrolyzed Chondrus Crispus Extract;Menthoxypropanediol;Vanillyl Butyl Ether;Magnesium Aluminum Silcate;Sodium Dihydroacetate;Citric Acid;Potassium Sorbate;Xanthan Gum;Disodium EDTA;Ethylhexylglycerin;Phenoxyethanol,",0.0,4.0,1685.0,5.0,1.0,,275.0,125.0,0.24,treatment,nan
Treatment,REN CLEAN SKINCARE,Keep Young And Beautiful™ Instant Firming Beauty Shot,56,4.1,"REN products are free from synthetic fragrance, pore-blocking petrochemicals, sulfate detergents, silicones, synthetic colors, animal ingredients and parabens. In addition, REN products do not contain potential irritants including: glycols and diglycols (such as propylene glycol), PEG's, PPGs, urea, D.E.A, T.E.A, PABA, and other synthetic sunscreens, aliphatic alcohols/hydrocarbons, phthalates, fumarates, amines, alkanolamines, synthetic AHAs/BHAs, polyacrylamide, metacrylate, elastomer, poloxamer, styrene, vinyl, polyquaternium, synthetic chelating agents, nylon, nitriles, nitrates, nitrosamine releasers, bromates, fluor, aluminum and alumina.",1,1,1,1,1,keep_young_and_beautiful_instant_firming_beauty_shot,ren_clean_skincare,treatment,ren_clean_skincare_keep_young_and_beautiful_instant_firming_beauty_shot,,,,,,,,,,"REN products are free from synthetic fragrance;pore-blocking petrochemicals;sulfate detergents;silicones;synthetic colors;animal ingredients and parabens, In addition;REN products do not contain potential irritants including: glycols and diglycols (such as propylene glycol);PEG's;PPGs;urea;D,E,A;T,E,A;PABA;and other synthetic sunscreens;aliphatic alcohols/hydrocarbons;phthalates;fumarates;amines;alkanolamines;synthetic AHAs/BHAs;polyacrylamide;metacrylate;elastomer;poloxamer;styrene;vinyl;polyquaternium;synthetic chelating agents;nylon;nitriles;nitrates;nitrosamine releasers;bromates;fluor;aluminum and alumina,",1.0,60.0,4996.0,3.6333,0.5,,90.0,6.06,1.2,treatment,nan
Treatment,ALGENIST,GENIUS Ultimate Anti-Aging Vitamin C+ Serum,118,3.9,"Water, Glycerin, Butylene Glycol, 3-O-Ethyl Ascorbic Acid, Polymethylsilsesquioxane, Sodium Citrate, Hydroxyethyl Acrylate/Sodium Acryloyldimethyl Taurate Copolymer, Niacinamide, Ethoxydiglycol, Algae Exopolysaccharides, Chlorella Protothecoides Oil, Vinyl Dimethicone/ Methicone Silsesquioxane Crosspolymer, Citric Acid, Algae Extract, Peg-12 Dimethicone, Palmitoyl Oligopeptide, Palmitoyl Tetrapeptide-7, Caprylyl Glycol, Xanthan Gum, Vegetable Collagen, Ethylhexylglycerin, Hexylene Glycol, Disodium EDTA, Plantago Lanceolata Leaf Extract, Sorbitan Isostearate, Polysorbate 60, Sodium Lauroyl Lactylate, Carbomer, Polysorbate 20, Ceramide NP, Ceramide AP, Ceramide EOP, Phytosphingosine, Cholesterol, Leuconostoc/Radish Root Ferment Filtrate, Phenoxyethanol, Fragrance, Coumarin.",1,1,1,1,1,genius_ultimate_anti_aging_vitamin_c_serum,algenist,treatment,algenist_genius_ultimate_anti_aging_vitamin_c_serum,0.0,210.0,8048.0,3.9429,1.0,Treatments,118.0,1.88,2.61,"Glycerin;Butylene Glycol;3-O-Ethyl Ascorbic Acid;Polymethylsilsesquioxane;Sodium Citrate;Hydroxyethyl Acrylate/Sodium Acryloyldimethyl Taurate Copolymer;Niacinamide;Ethoxydiglycol;Algae Exopolysaccharides;Chlorella Protothecoides Oil;Vinyl Dimethicone/ Methicone Silsesquioxane Crosspolymer;Citric Acid;Algae Extract;Peg-12 Dimethicone;Palmitoyl Oligopeptide;Palmitoyl Tetrapeptide-7;Caprylyl Glycol;Xanthan Gum;Vegetable Collagen;Ethylhexylglycerin;Hexylene Glycol;Disodium EDTA;Plantago Lanceolata Leaf Extract;Sorbitan Isostearate;Polysorbate 60;Sodium Lauroyl Lactylate;Carbomer;Polysorbate 20;Ceramide NP;Ceramide AP;Ceramide EOP;Phytosphingosine;Cholesterol;Leuconostoc/Radish Root Ferment Filtrate;Phenoxyethanol;Fragrance;Coumarin,",0.0,210.0,8048.0,3.9429,1.0,Treatments,118.0,1.88,2.61,treatment,Medium (7k - 13k)
Treatment,KATE SOMERVILLE,Quench Hydrating Face Serum,75,4.2,"Cyclopentasiloxane, Dimethicone, Dimethiconol, Ethylhexyl Stearate, Cyclomethicone, Phenyl Trimethicone, Ethylhexyl Cocoate, Caprylic/Capric Triglyceride, Water, Retinol, Sodium Ascorbate, Tocopherol, Lecithin, Glycolipids, Sodium Hyaluronate, Caprylyl Glycol.",0,0,0,0,0,quench_hydrating_face_serum,kate_somerville,treatment,kate_somerville_quench_hydrating_face_serum,0.0,242.0,4902.0,4.2273,1.0,Treatments,75.0,1.75,4.94,"Cyclopentasiloxane;Dimethicone;Dimethiconol;Ethylhexyl Stearate;Cyclomethicone;Phenyl Trimethicone;Ethylhexyl Cocoate;Caprylic/Capric Triglyceride;Retinol;Sodium Ascorbate;Tocopherol;Lecithin;Glycolipids;Sodium Hyaluronate;Caprylyl Glycol,",0.0,242.0,4902.0,4.2273,1.0,Treatments,75.0,1.75,4.94,treatment,Low (3k - 7k)
Treatment,MILK MAKEUP,Watermelon Brightening Serum,36,4.1,"Water, Butylene Glycol, Bis-Peg-18 Methyl Ether Dimethyl Silane, Sodium Stearate, Pentylene Glycol, Glycerin, Oleth-2, Citrus Aurantium Amara (Bitter Orange) Flower Water, Citrullus Vulgaris (Watermelon) Fruit Extract, Fragaria Vesca (Strawberry) Fruit Extract, Pyrus Malus (Apple) Fruit Extract, Lens Esculenta (Lentil) Fruit Extract, Lens Esculenta (Lentil) Seed Extract, Cichorium Intybus (Chicory) Root Extract, Prunus Domestica Fruit Extract, Opuntia Ficus-Indica Stem Extract, Lepidium Sativum Sprout Extract, Acacia Senegal Gum, Sea Water, Tocopheryl Acetate, Retinyl Palmitate, Acsorbyl Palmitate, Sodium Lactate, Hydrolyzed Rice Protein, Lecithin, Sodium PCA, Polysorbate 20, Palmitoyl Tetrapeptide-7, Phospholipids, Palmitoyl Tripeptide-1, Sodium Hyaluronate, Ethylhexylglycerin, Xanthan Gum, Salicylic Acid, Stearic Acid, Carbomer, Ascorbic Acid, Citric Acid, Hexylene Glycol, Caprylyl Glycol, Sorbic Acid, Sodium Benzoate, Potassium Sorbate, Phenoxyethanol, Chlorphenesin, Red 40 (Ci 16035), Yellow 5 (Ci 19140).",1,1,1,1,1,watermelon_brightening_serum,milk_makeup,treatment,milk_makeup_watermelon_brightening_serum,0.0,172.0,23058.0,4.0116,1.2,Treatments,30.0,2.33,0.75,"Butylene Glycol;Bis-Peg-18 Methyl Ether Dimethyl Silane;Sodium Stearate;Pentylene Glycol;Glycerin;Oleth-2;Citrus Aurantium Amara (Bitter Orange) Flower Water;Citrullus Vulgaris (Watermelon) Fruit Extract;Fragaria Vesca (Strawberry) Fruit Extract;Pyrus Malus (Apple) Fruit Extract;Lens Esculenta (Lentil) Fruit Extract;Lens Esculenta (Lentil) Seed Extract;Cichorium Intybus (Chicory) Root Extract;Prunus Domestica Fruit Extract;Opuntia Ficus-Indica Stem Extract;Lepidium Sativum Sprout Extract;Acacia Senegal Gum;Sea Water;Tocopheryl Acetate;Retinyl Palmitate;Acsorbyl Palmitate;Sodium Lactate;Hydrolyzed Rice Protein;Lecithin;Sodium PCA;Polysorbate 20;Palmitoyl Tetrapeptide-7;Phospholipids;Palmitoyl Tripeptide-1;Sodium Hyaluronate;Ethylhexylglycerin;Xanthan Gum;Salicylic Acid;Stearic Acid;Carbomer;Ascorbic Acid;Citric Acid;Hexylene Glycol;Caprylyl Glycol;Sorbic Acid;Sodium Benzoate;Potassium Sorbate;Phenoxyethanol;Chlorphenesin;Red 40 (Ci 16035);Yellow 5 (Ci 19140),",0.0,172.0,23058.0,4.0116,1.2,Treatments,30.0,2.33,0.75,treatment,High (13k - 26k)
Treatment,IT COSMETICS,Bye Bye Lines Serum™ Advanced Anti-Aging Wrinkle-Smoothing Miracle Concentrate,58,4.1,"Water, Cyclopentasiloxane, Cyclotetrasiloxane, Dimethicone, Isododecane, Vinyl Dimethicone/Methicone Silsesquioxane Crosspolymer, Glycerin, Dimethicone/Vinyl Dimethicone Crosspolymer, Hexyl Laurate, Cyclohexasiloxane, Ozokerite, Peg-10 Dimethicone, Petrolatum, Sodium Chloride, Caprylyl Methicone, Cetyl Peg/Ppg-10/1 Dimethicone, Polyglyceryl-4 Isostearate, Polymethylsilsesquioxane, Polysilicone-11, Caprylyl Glycol, Ethylhexylglycerin, Sorbitan Olivate, 1,2-Hexanediol, Butylene Glycol, Disodium Edta, Propylene Glycol, Vitis Vinifera (Grape) Seed Oil, Ubiquinone, Squalane, Simmondsia Chinensis (Jojoba) Seed Oil, Sea Water, Punica Granatum Seed Oil, Persea Gratissima (Avocado) Oil, Orbignya Oleifera Seed Oil, Niacinamide, Mangifera Indica (Mango) Seed Butter, Coffea Arabica (Coffee) Seed Extract, Citrus Aurantium Dulcis (Orange) Oil, Citrus Grandis (Grapefruit) Peel Oil, Caffeine, Argania Spinosa Kernel Oil, Arbutin, Adenosine, Anthemis Nobilis Flower Water, Lactobacillus/Honeysuckle Flower/Licorice Root/Morus Alba Root/Pueraria Lobata Root/Schizandra Chinensis Fruit/Scutellaria Baicalensis Root/Sophora Japonica Flower Extract Ferment Filtrate, Illite, Betula Platyphylla Japonica Juice, Perfluorohexane, Hibiscus Sabdariffa Flower Extract, Caviar Extract, Snail Secretion Filtrate, Olea Europaea (Olive) Leaf Extract, Cucumis Sativus (Cucumber) Fruit Extract, Camellia Sinensis Leaf Extract, Chrysanthemum Indicum Flower Extract, Cholesteryl Chloride, Cholesteryl Isostearate, Cholesteryl Nonanoate, Alcohol, Arnica Montana Flower Extract, Alchemilla Vulgaris Extract, Ananas Sativus (Pineapple) Fruit Extract, Actinidia Chinensis (Kiwi) Fruit Extract, Pueraria Lobata Root Extract, Perfluorodecalin, Morus Alba Fruit Extract, Magnolia Kobus Bark Extract, Glycine Soja (Soybean) Sprout Extract, Diospyros Kaki Leaf Extract, Cinnamomum Cassia Bark Extract, Artemisia Princeps Leaf Extract, Pentafluoropropane, Curcuma Longa (Turmeric) Root Extract, Achillea Millefolium Extract, Steareth-20, Marrubium Vulgare Extract, Phenoxyethanol, Gentiana Lutea Root Extract, Artemisia Absinthium Extract, Hydrogenated Lecithin, Veronica Officinalis Extract, Primula Veris Extract, Mentha Piperita (Peppermint) Leaf Extract, Melissa Officinalis Leaf Extract, Malva Sylvestris (Mallow) Extract, Hydrolyzed Hyaluronic Acid, Colloidal Oatmeal, Hydrolyzed Silk, Citric Acid, Potassium Sorbate, Sodium Benzoate, Algae Extract, Aloe Barbadensis Leaf Extract, N-Hydroxysuccinimide, Hydrolyzed Collagen, Caprylhydroxamic Acid, Tocopherol, Thiamine Hcl, Riboflavin, Retinyl Palmitate, Pantothenic Acid, Palmitoyl Oligopeptide, Niacin, Folic Acid, Chrysin, Carnitine Hcl, Biotin, Ascorbic Acid, Palmitoyl Tetrapeptide-7, Chlorhexidine Digluconate, Titanium Dioxide (Ci 77891), Mica (Ci 77019).",1,1,1,1,1,bye_bye_lines_serum_advanced_anti_aging_wrinkle_smoothing_miracle_concentrate,it_cosmetics,treatment,it_cosmetics_bye_bye_lines_serum_advanced_anti_aging_wrinkle_smoothing_miracle_concentrate,,,,,,,,,,"Cyclopentasiloxane;Cyclotetrasiloxane;Dimethicone;Isododecane;Vinyl Dimethicone/Methicone Silsesquioxane Crosspolymer;Glycerin;Dimethicone/Vinyl Dimethicone Crosspolymer;Hexyl Laurate;Cyclohexasiloxane;Ozokerite;Peg-10 Dimethicone;Petrolatum;Sodium Chloride;Caprylyl Methicone;Cetyl Peg/Ppg-10/1 Dimethicone;Polyglyceryl-4 Isostearate;Polymethylsilsesquioxane;Polysilicone-11;Caprylyl Glycol;Ethylhexylglycerin;Sorbitan Olivate;1,2-Hexanediol;Butylene Glycol;Disodium Edta;Propylene Glycol;Vitis Vinifera (Grape) Seed Oil;Ubiquinone;Squalane;Simmondsia Chinensis (Jojoba) Seed Oil;Sea Water;Punica Granatum Seed Oil;Persea Gratissima (Avocado) Oil;Orbignya Oleifera Seed Oil;Niacinamide;Mangifera Indica (Mango) Seed Butter;Coffea Arabica (Coffee) Seed Extract;Citrus Aurantium Dulcis (Orange) Oil;Citrus Grandis (Grapefruit) Peel Oil;Caffeine;Argania Spinosa Kernel Oil;Arbutin;Adenosine;Anthemis Nobilis Flower Water;Lactobacillus/Honeysuckle Flower/Licorice Root/Morus Alba Root/Pueraria Lobata Root/Schizandra Chinensis Fruit/Scutellaria Baicalensis Root/Sophora Japonica Flower Extract Ferment Filtrate;Illite;Betula Platyphylla Japonica Juice;Perfluorohexane;Hibiscus Sabdariffa Flower Extract;Caviar Extract;Snail Secretion Filtrate;Olea Europaea (Olive) Leaf Extract;Cucumis Sativus (Cucumber) Fruit Extract;Camellia Sinensis Leaf Extract;Chrysanthemum Indicum Flower Extract;Cholesteryl Chloride;Cholesteryl Isostearate;Cholesteryl Nonanoate;Alcohol;Arnica Montana Flower Extract;Alchemilla Vulgaris Extract;Ananas Sativus (Pineapple) Fruit Extract;Actinidia Chinensis (Kiwi) Fruit Extract;Pueraria Lobata Root Extract;Perfluorodecalin;Morus Alba Fruit Extract;Magnolia Kobus Bark Extract;Glycine Soja (Soybean) Sprout Extract;Diospyros Kaki Leaf Extract;Cinnamomum Cassia Bark Extract;Artemisia Princeps Leaf Extract;Pentafluoropropane;Curcuma Longa (Turmeric) Root Extract;Achillea Millefolium Extract;Steareth-20;Marrubium Vulgare Extract;Phenoxyethanol;Gentiana Lutea Root Extract;Artemisia Absinthium Extract;Hydrogenated Lecithin;Veronica Officinalis Extract;Primula Veris Extract;Mentha Piperita (Peppermint) Leaf Extract;Melissa Officinalis Leaf Extract;Malva Sylvestris (Mallow) Extract;Hydrolyzed Hyaluronic Acid;Colloidal Oatmeal;Hydrolyzed Silk;Citric Acid;Potassium Sorbate;Sodium Benzoate;Algae Extract;Aloe Barbadensis Leaf Extract;N-Hydroxysuccinimide;Hydrolyzed Collagen;Caprylhydroxamic Acid;Tocopherol;Thiamine Hcl;Riboflavin;Retinyl Palmitate;Pantothenic Acid;Palmitoyl Oligopeptide;Niacin;Folic Acid;Chrysin;Carnitine Hcl;Biotin;Ascorbic Acid;Palmitoyl Tetrapeptide-7;Chlorhexidine Digluconate;Titanium Dioxide (Ci 77891);Mica (Ci 77019),",0.0,63.0,8402.0,4.0159,1.0,,58.0,6.37,0.75,treatment,nan
Treatment,MURAD,Eye Lift Firming Treatment,68,4.0,"Hyaluronic Acid Spheres, Hyaluronic Acid, Immediate Skin Firming Polymer, Isolated, Purified Active Molecule from Oat Kernel Extract, Myrtle Extract, NMF Replenishing Cocktail, Vitamin E, Zinc.",0,0,0,0,0,eye_lift_firming_treatment,murad,treatment,murad_eye_lift_firming_treatment,0.0,112.0,7871.0,3.9554,1.0,Eye Care,70.0,3.53,1.42,"Hyaluronic Acid Spheres;Hyaluronic Acid;Immediate Skin Firming Polymer;Isolated;Purified Active Molecule from Oat Kernel Extract;Myrtle Extract;NMF Replenishing Cocktail;Vitamin E;Zinc,",0.0,112.0,7871.0,3.9554,1.0,Eye Care,70.0,3.53,1.42,eye care,Medium (7k - 13k)
Treatment,AMOREPACIFIC,MOISTURE BOUND Rejuvenating Serum,100,4.4,"Phyllostachis Bambusoides Juice, Alcohol, Glycerin, Propanediol, Butylene Glycol, Squalane, Peg/Ppg-17/6 Copolymer, Cyclopentasiloxane, Camellia Sinensis Leaf Extract, Pentaerythrityl Tetraethylhexanoate, Dimethicone, Niacinamide, Acetyl Glucosamine, Betaine, Opuntia Coccinellifera Fruit Extract, Glycine Soja (Soybean) Seed Extract, Nelumbo Nucifera Flower Extract, Hydrolyzed Phyllostachis Bambusoides, Hydrolyzed Camellia Sinensis Leaf, Theanine, Epigallocatechin Gallate, Kaempferol, Camellia Sinensis Flower Extract, Natto Gum, Caffeine, Beta-Glucan, Sodium Hyaluronate, Cyclohexasiloxane, Methyl Gluceth-20, Pca Dimethicone, Polymethylsilsesquioxane, Tocopherol, Phytantriol, C12-16 Alcohols, Bis-Peg-18 Methyl Ether Dimethyl Silane, Hydroxypropyl Starch Phosphate, Stearyl Behenate, Dimethiconol, Hydroxyethyl Acrylate/Sodium Acryloyldimethyl Taurate Copolymer, Polysorbate 20, Carbomer, Palmitic Acid, Hydrogenated Lecithin, Acrylates/C10-30 Alkyl Acrylate Crosspolymer, Limnanthes Alba (Meadowfoam) Seed Oil, Polyglyceryl-3 Methylglucose Distearate, Mannan, Peg-15 Pentaerythrityl Tetra(Laureth-6 Carboxylate), Poloxamer 407, Ammonium Acryloyldimethyltaurate/Vp Copolymer, Tromethamine, Disodium Edta, Ethylhexylglycerin, Phenoxyethanol, Fragrance.",1,1,1,0,1,moisture_bound_rejuvenating_serum,amorepacific,treatment,amorepacific_moisture_bound_rejuvenating_serum,0.0,91.0,4318.0,4.3626,1.7,Treatments,58.82,4.79,2.11,"Phyllostachis Bambusoides Juice;Alcohol;Glycerin;Propanediol;Butylene Glycol;Squalane;Peg/Ppg-17/6 Copolymer;Cyclopentasiloxane;Camellia Sinensis Leaf Extract;Pentaerythrityl Tetraethylhexanoate;Dimethicone;Niacinamide;Acetyl Glucosamine;Betaine;Opuntia Coccinellifera Fruit Extract;Glycine Soja (Soybean) Seed Extract;Nelumbo Nucifera Flower Extract;Hydrolyzed Phyllostachis Bambusoides;Hydrolyzed Camellia Sinensis Leaf;Theanine;Epigallocatechin Gallate;Kaempferol;Camellia Sinensis Flower Extract;Natto Gum;Caffeine;Beta-Glucan;Sodium Hyaluronate;Cyclohexasiloxane;Methyl Gluceth-20;Pca Dimethicone;Polymethylsilsesquioxane;Tocopherol;Phytantriol;C12-16 Alcohols;Bis-Peg-18 Methyl Ether Dimethyl Silane;Hydroxypropyl Starch Phosphate;Stearyl Behenate;Dimethiconol;Hydroxyethyl Acrylate/Sodium Acryloyldimethyl Taurate Copolymer;Polysorbate 20;Carbomer;Palmitic Acid;Hydrogenated Lecithin;Acrylates/C10-30 Alkyl Acrylate Crosspolymer;Limnanthes Alba (Meadowfoam) Seed Oil;Polyglyceryl-3 Methylglucose Distearate;Mannan;Peg-15 Pentaerythrityl Tetra(Laureth-6 Carboxylate);Poloxamer 407;Ammonium Acryloyldimethyltaurate/Vp Copolymer;Tromethamine;Disodium Edta;Ethylhexylglycerin;Phenoxyethanol;Fragrance,",0.0,91.0,4318.0,4.3626,1.7,Treatments,58.82,4.79,2.11,treatment,Low (3k - 7k)
Treatment,PETER THOMAS ROTH,PROfessional Strength 40% Triple Acid Peel,88,4.0,"Water, Glycolic Acid, Sodium Hydroxide, Arginine, Pentylene Glycol, Sodium Pca, Polysorbate 20, Soyethyl Morpholinium Ethosulfate, Sodium Acrylate/Sodium Acryloyldimethyl Taurate Copolymer, 4-T-Butylcyclohexanol, Cyclodextrin, Glycerin, Mandelic Acid, Myristyl Alcohol, Salicylic Acid, Sodium Hyaluronate, Tocopherol, Ascorbyl Palmitate, Cholesterol, Lecithin, Isohexadecane, Methyldihydrojasmonate, Glyceryl Undecylenate, Sucrose Tetrastearate Triacetate, Hydroxyphenyl Propamidobenzoic Acid, Zea Mays (Corn) Oil, Sodium Borate, Xantham Gum, Polysorbate 80, Sorbitan Oleate, Dipropylene Glycol, Butylene Glycol, Phenoxyethanol, Mica.",1,1,1,1,0,professional_strength_40_triple_acid_peel,peter_thomas_roth,treatment,peter_thomas_roth_professional_strength_40_triple_acid_peel,0.0,246.0,12813.0,4.0041,,Treatments,,1.63,1.92,"Glycolic Acid;Sodium Hydroxide;Arginine;Pentylene Glycol;Sodium Pca;Polysorbate 20;Soyethyl Morpholinium Ethosulfate;Sodium Acrylate/Sodium Acryloyldimethyl Taurate Copolymer;4-T-Butylcyclohexanol;Cyclodextrin;Glycerin;Mandelic Acid;Myristyl Alcohol;Salicylic Acid;Sodium Hyaluronate;Tocopherol;Ascorbyl Palmitate;Cholesterol;Lecithin;Isohexadecane;Methyldihydrojasmonate;Glyceryl Undecylenate;Sucrose Tetrastearate Triacetate;Hydroxyphenyl Propamidobenzoic Acid;Zea Mays (Corn) Oil;Sodium Borate;Xantham Gum;Polysorbate 80;Sorbitan Oleate;Dipropylene Glycol;Butylene Glycol;Phenoxyethanol;Mica,",0.0,246.0,12813.0,4.0041,,Treatments,,1.63,1.92,treatment,Medium (7k - 13k)
Treatment,COOLA,Sunless Tan Anti-Aging Face Serum,54,4.3,"Water, Propanediol, Dihydroxyacetone, Glycerin, Aloe Barbadensis Leaf Juice Powder*, Heptyl Undecylenate, Argan Oil, Polyglyceryl-6 Esters, Centella Asiatica Meristem Cell Culture, Hydrolyzed Algin, Caprylic/Capric Glycerides Polyglycerin-10 Esters, Sodium Hyaluronate, Chlorella Vulgaris Extract, Hibiscus Sabdariffa Flower Extract*, Chamomilla Recutita (Matricaria) Flower Extract*, Ascorbyl Palmitate, Vitis Vinifera (Grape) Seed Oil*, Citrus Aurantium Bergamia (Bergamot) Fruit Oil*, Cetearyl Glucoside, Alcohol Denat.*, Maris Aqua, Polyglyceryl-4 Caprate, Cyamopsis Tetragonoloba (Guar) Gum, Xanthan Gum, Fragrance, Gluconolactone, Potassium Sorbate, Sodium Benzoate. *Certified Organic.",1,1,1,1,1,sunless_tan_anti_aging_face_serum,coola,treatment,coola_sunless_tan_anti_aging_face_serum,1.0,104.0,10661.0,4.1827,1.7,Treatments,31.76,4.02,0.98,"Propanediol;Dihydroxyacetone;Glycerin;Aloe Barbadensis Leaf Juice Powder*;Heptyl Undecylenate;Argan Oil;Polyglyceryl-6 Esters;Centella Asiatica Meristem Cell Culture;Hydrolyzed Algin;Caprylic/Capric Glycerides Polyglycerin-10 Esters;Sodium Hyaluronate;Chlorella Vulgaris Extract;Hibiscus Sabdariffa Flower Extract*;Chamomilla Recutita (Matricaria) Flower Extract*;Ascorbyl Palmitate;Vitis Vinifera (Grape) Seed Oil*;Citrus Aurantium Bergamia (Bergamot) Fruit Oil*;Cetearyl Glucoside;Alcohol Denat,*;Maris Aqua;Polyglyceryl-4 Caprate;Cyamopsis Tetragonoloba (Guar) Gum;Xanthan Gum;Fragrance;Gluconolactone;Potassium Sorbate;Sodium Benzoate, *Certified Organic,",1.0,104.0,10661.0,4.1827,1.7,Treatments,31.76,4.02,0.98,treatment,Medium (7k - 13k)
Treatment,CLARINS,Hydra-Essentiel Bi-Phase Serum,59,4.6,Visit the Clarins boutique,1,1,1,1,1,hydra_essentiel_bi_phase_serum,clarins,treatment,clarins_hydra_essentiel_bi_phase_serum,0.0,5.0,4200.0,4.8,1.0,Treatments,59.0,96.0,0.12,Visit the Clarins boutique,0.0,5.0,4200.0,4.8,1.0,Treatments,59.0,96.0,0.12,treatment,Low (3k - 7k)
Treatment,ORIGINS,Original Skin™ Renewal Serum with Willowherb,41,4.4,"Water, Butylene Glycol, Silica, Polymethylsilsesquioxane, Dimethicone, Glycerin, Hdi/Trimethylol Hexyllactone Crosspolymer, Polysilicone-11, Citrus Grandis (Grapefruit) Peel Oil*, Lavandula Angustifolia (Lavender) Oil*, Pelargonium Graveolens Flower Oil*, Amyris Balsamifera Bark Oil*, Salvia Sclarea (Clary) Oil*, Anthemis Nobilis Flower Oil*, Rosa Centifolia Flower Extract, Limonene, Linalool, Epilobium Angustifolium Flower/Leaf/Stem Extract, Albizia Julibrissin Bark Extract, Castanea Sativa (Chestnut) Seed Extract, Salicylic Acid, Paeonia Suffruticosa (Peony) Root Extract, Molasses Extract/Saccharum Officinarum/Extrait De Melasse, Laminaria Saccharina Extract, Bambusa Vulgaris (Bamboo) Extract, Pisum Sativum (Pea) Extract, Sigesbeckia Orientalis (St. Paul'S Wort) Extract, Laminaria Digitata Extract, Acetyl Hexapeptide-8, Ethylhexylglycerin, Caffeine, Urea, Lauryl Peg-9 Polydimethylsiloxyethyl Dimethicone, Arginine, Beeswax/Cera Alba/Cire D'Abeille, Sodium Hyaluronate, Phospholipids, Peg-11 Methyl Ether Dimethicone, Dimethicone Crosspolymer, Caprylyl Glycol, Sodium Pca, Dimethicone/Vinyl Dimethicone Crosspolymer, Magnesium Ascorbyl Phosphate, Glucosamine Hcl, Sodium Phytate, Hexylene Glycol, Laureth-12, Trehalose, Polyquaternium-51, Tromethamine, Silica Silylate, Carbomer, Ammonium Acryloyldimethyltaurate/Vp Copolymer, Tocopheryl Acetate, Potassium Sorbate, Chlorphenesin, Phenoxyethanol, Mica, Iron Oxides (Ci 77491, Ci 77492, Ci 77499), Titanium Dioxide (Ci 77891) * Essential Oil Please be aware that ingredient lists may change or vary from time to time.� Please refer to the ingredient list on the product package you receive for the most up to date list of ingredients.",0,0,0,0,0,original_skin_renewal_serum_with_willowherb,origins,treatment,origins_original_skin_renewal_serum_with_willowherb,,,,,,,,,,"Butylene Glycol;Silica;Polymethylsilsesquioxane;Dimethicone;Glycerin;Hdi/Trimethylol Hexyllactone Crosspolymer;Polysilicone-11;Citrus Grandis (Grapefruit) Peel Oil*;Lavandula Angustifolia (Lavender) Oil*;Pelargonium Graveolens Flower Oil*;Amyris Balsamifera Bark Oil*;Salvia Sclarea (Clary) Oil*;Anthemis Nobilis Flower Oil*;Rosa Centifolia Flower Extract;Limonene;Linalool;Epilobium Angustifolium Flower/Leaf/Stem Extract;Albizia Julibrissin Bark Extract;Castanea Sativa (Chestnut) Seed Extract;Salicylic Acid;Paeonia Suffruticosa (Peony) Root Extract;Molasses Extract/Saccharum Officinarum/Extrait De Melasse;Laminaria Saccharina Extract;Bambusa Vulgaris (Bamboo) Extract;Pisum Sativum (Pea) Extract;Sigesbeckia Orientalis (St, Paul'S Wort) Extract;Laminaria Digitata Extract;Acetyl Hexapeptide-8;Ethylhexylglycerin;Caffeine;Urea;Lauryl Peg-9 Polydimethylsiloxyethyl Dimethicone;Arginine;Beeswax/Cera Alba/Cire D'Abeille;Sodium Hyaluronate;Phospholipids;Peg-11 Methyl Ether Dimethicone;Dimethicone Crosspolymer;Caprylyl Glycol;Sodium Pca;Dimethicone/Vinyl Dimethicone Crosspolymer;Magnesium Ascorbyl Phosphate;Glucosamine Hcl;Sodium Phytate;Hexylene Glycol;Laureth-12;Trehalose;Polyquaternium-51;Tromethamine;Silica Silylate;Carbomer;Ammonium Acryloyldimethyltaurate/Vp Copolymer;Tocopheryl Acetate;Potassium Sorbate;Chlorphenesin;Phenoxyethanol;Mica;Iron Oxides (Ci 77491;Ci 77492;Ci 77499);Titanium Dioxide (Ci 77891) * Essential Oil Please be aware that ingredient lists may change or vary from time to time,� Please refer to the ingredient list on the product package you receive for the most up to date list of ingredients,",1.0,750.0,19165.0,4.3813,1.0,,41.0,0.58,3.91,treatment,nan
Treatment,MURAD,Rapid Resurfacing Peel,44,4.7,"Water, Alcohol Denat., Glycerin, Glycolic Acid, Sodium Hydroxide, Linoleic Acid, Punica Granatum Extract, Dipotassium Glycyrrhizate, Ascorbic Acid, Chitosan, Propyl Gallate, Lecithin, PEG-40 Hydrogenated Castor Oil, Butylene Glycol, Hydroxyethylcellulose, Disodium EDTA.",1,1,1,1,0,rapid_resurfacing_peel,murad,treatment,murad_rapid_resurfacing_peel,0.0,59.0,8879.0,4.661,,Treatments,,7.9,0.66,"Alcohol Denat,;Glycerin;Glycolic Acid;Sodium Hydroxide;Linoleic Acid;Punica Granatum Extract;Dipotassium Glycyrrhizate;Ascorbic Acid;Chitosan;Propyl Gallate;Lecithin;PEG-40 Hydrogenated Castor Oil;Butylene Glycol;Hydroxyethylcellulose;Disodium EDTA,",0.0,59.0,8879.0,4.661,,Treatments,,7.9,0.66,treatment,Medium (7k - 13k)
Treatment,PETER THOMAS ROTH,Acne-Clear Invisible Dots,30,3.6,"Acrylates Copolymer, Alcohol Denat., Butylene Glycol, Epilobium Angustifolium Flower/Leaf/Stem Extract, Melaleuca Alternifolia (Tea Tree) Leaf Oil, Phenoxyethanol, Phytosphingosine, Polysorbate 80, Pvp, Sodium Hyaluronate, Sodium Metabisulfite, Vinyl Caprolactam/Vp/Dimethylaminoethyl Methacrylate Copolymer, Vitis Vinifera (Grape) Seed Extract, Volcanic Ash, Water.",1,1,1,1,1,acne_clear_invisible_dots,peter_thomas_roth,treatment,peter_thomas_roth_acne_clear_invisible_dots,0.0,435.0,19184.0,3.5563,,Treatments,,0.82,2.27,"Acrylates Copolymer;Alcohol Denat,;Butylene Glycol;Epilobium Angustifolium Flower/Leaf/Stem Extract;Melaleuca Alternifolia (Tea Tree) Leaf Oil;Phenoxyethanol;Phytosphingosine;Polysorbate 80;Pvp;Sodium Hyaluronate;Sodium Metabisulfite;Vinyl Caprolactam/Vp/Dimethylaminoethyl Methacrylate Copolymer;Vitis Vinifera (Grape) Seed Extract;Volcanic Ash;Water,",0.0,435.0,19184.0,3.5563,,Treatments,,0.82,2.27,treatment,High (13k - 26k)
Treatment,MURAD,Acne Clear Control 30-Day Kit,29,3.3,Visit the Murad boutique,1,0,0,1,0,acne_clear_control_30_day_kit,murad,treatment,murad_acne_clear_control_30_day_kit,0.0,53.0,3797.0,3.0189,,Treatments,,5.7,1.4,Visit the Murad boutique,0.0,53.0,3797.0,3.0189,,Treatments,,5.7,1.4,treatment,Low (3k - 7k)
Treatment,REN CLEAN SKINCARE,Perfect Canvas Skin Finishing Serum,55,4.5,"Water, Lactococcus Ferment Lysate, Glycerin, Maltose, Caprylyl/Capryl Glucoside, Alpha-Glucan Oligosaccharide, Agave Tequilana Leaf Extract, Xanthan Gum, Fragrance*, Sodium Hyaluronate, Sodium Benzoate, Phenoxyethanol, Citric Acid, Lactic Acid, Sodium Chloride, Glucose, Limonene, Linalool*. *100% Natural Fragrance. 100% Natural.",1,1,1,1,1,perfect_canvas_skin_finishing_serum,ren_clean_skincare,treatment,ren_clean_skincare_perfect_canvas_skin_finishing_serum,1.0,342.0,9081.0,4.5322,1.02,Treatments,53.92,1.33,3.77,"Lactococcus Ferment Lysate;Glycerin;Maltose;Caprylyl/Capryl Glucoside;Alpha-Glucan Oligosaccharide;Agave Tequilana Leaf Extract;Xanthan Gum;Fragrance*;Sodium Hyaluronate;Sodium Benzoate;Phenoxyethanol;Citric Acid;Lactic Acid;Sodium Chloride;Glucose;Limonene;Linalool*, *100% Natural Fragrance, 100% Natural,",1.0,342.0,9081.0,4.5322,1.02,Treatments,53.92,1.33,3.77,treatment,Medium (7k - 13k)
Treatment,DIOR,Capture Youth Lift Sculptor Age-Delay Lifting Serum,95,5.0,Visit the Dior boutique,0,1,1,0,0,capture_youth_lift_sculptor_age_delay_lifting_serum,dior,treatment,dior_capture_youth_lift_sculptor_age_delay_lifting_serum,,,,,,,,,,Visit the Dior boutique,,,,,,,,,,treatment,nan
Treatment,CAUDALIE,Vinopure Natural Oil Control Moisturizer,39,3.8,"Water, Rosa Damascena Flower Water*, Alcohol*, Glycerin*, Dicaprylyl Carbonate, Coco-Caprylate/Caprate*, Butylene Glycol*, Silica, C14-22 Alcohols*, Niacinamide, Polyacrylate Crosspolymer-6, C12-20 Alkyl Glucoside*, Palmitoyl Grape Seed Extract*, Tocopherol*, Cymbopogon Citratus Leaf Oil*, Lavandula Hybrida Oil*, Melissa Officinalis Leaf Oil*, Mentha Piperita (Peppermint) Oil*, Pelargonium Graveolens Flower Oil*, Rosmarinus Officinalis (Rosemary) Leaf Oil*, Citric Acid*, Sodium Phytate*, Citral*, Citronellol*, Geraniol*, Linalool*, Limonene* (183/074).",1,0,1,1,1,vinopure_natural_oil_control_moisturizer,caudalie,treatment,caudalie_vinopure_natural_oil_control_moisturizer,1.0,37.0,4810.0,3.8108,1.3,Moisturizers,30.0,10.3,0.77,"Rosa Damascena Flower Water*;Alcohol*;Glycerin*;Dicaprylyl Carbonate;Coco-Caprylate/Caprate*;Butylene Glycol*;Silica;C14-22 Alcohols*;Niacinamide;Polyacrylate Crosspolymer-6;C12-20 Alkyl Glucoside*;Palmitoyl Grape Seed Extract*;Tocopherol*;Cymbopogon Citratus Leaf Oil*;Lavandula Hybrida Oil*;Melissa Officinalis Leaf Oil*;Mentha Piperita (Peppermint) Oil*;Pelargonium Graveolens Flower Oil*;Rosmarinus Officinalis (Rosemary) Leaf Oil*;Citric Acid*;Sodium Phytate*;Citral*;Citronellol*;Geraniol*;Linalool*;Limonene* (183/074),",1.0,37.0,4810.0,3.8108,1.3,Moisturizers,30.0,10.3,0.77,moisturizer,Low (3k - 7k)
Treatment,DIOR,Capture Youth Plump Filler Age-Delay Plumping Serum,95,4.4,Visit the Dior boutique,0,1,1,0,0,capture_youth_plump_filler_age_delay_plumping_serum,dior,treatment,dior_capture_youth_plump_filler_age_delay_plumping_serum,,,,,,,,,,Visit the Dior boutique,,,,,,,,,,treatment,nan
Treatment,IT COSMETICS,Bye Bye Pores Primer™ Oil-Free Poreless Skin-Perfecting Serum Primer,38,3.6,"Cyclopentasiloxane, Dimethicone, Vinyl Dimethicone/Methicone Silsesquioxane Crosspolymer, Polysilicone-11, Zinc Oxide, Isododecane, Hexyl Laurate, Polymethylsilsesquioxane, Titanium Dioxide, Dimethicone/Vinyl Dimethicone Crosspolymer, Peg-10 Dimethicone, Hydrogen Dimethicone, Aluminum Hydroxide, Stearic Acid, Cetyl Peg/Ppg-10/1 Dimethicone, Polyglyceryl-4 Isostearate, Aqua/Water/Eau, Lecithin, Glycerin, Maris Aqua/Sea Water/Eau De Mer, Alcohol, Butylene Glycol, Polysorbate 20, Carica Papaya (Papaya) Fruit Extract, Charcoal Powder, Moroccan Lava Clay, Canadian Colloidal Clay, Colloidal Oatmeal, Palmitoyl Pentapeptide-4, Niacinamide, Retinol, Acetyl Hexapeptide-8, Copper Gluconate, Collagen, Tea-Cocoyl Glutamate, Sodium Hyaluronate, Copper Tripeptide-1, Biotin, Magnesium Aspartate, Zinc Gluconate, Sodium Ascorbyl Phosphate, Ascorbic Acid, Disodium Edta, Aloe Barbadensis Leaf Extract, Curcuma Longa (Turmeric) Root Extract, Anthemis Nobilis Flower Water, Tocopheryl Acetate, Squalane, Caprylic/Capric Triglyceride, Glycyrrhiza Glabra (Licorice) Root Extract, Triethoxycaprylylsilane, Camellia Sinensis Leaf Extract, Cholesteryl Nonanoate, Cholesteryl Isostearate, Cholesteryl Chloride, Sodium Lauroyl Lactate, Ceramide Np, Ceramide Ap, Phytosphingosine, Cholesterol, Xanthan Gum, Carbomer, Ceramide Eop, Panthenol, Polyglutamic Acid, Creatine, Phenylalanine, Histidine, Arginine, Lysine, Leucine, Isoleucine, Methionine, Tryptophan, Valine, Saccharide Isomerate, Threonine, Ethylhexylglycerin, Caprylyl Glycol, 1,2-Hexanediol, Phenoxyethanol, Citric Acid, Potassium Sorbate, Sodium Benzoate, Iron Oxides (Ci 77492).",1,1,1,1,1,bye_bye_pores_primer_oil_free_poreless_skin_perfecting_serum_primer,it_cosmetics,treatment,it_cosmetics_bye_bye_pores_primer_oil_free_poreless_skin_perfecting_serum_primer,,,,,,,,,,"Cyclopentasiloxane;Dimethicone;Vinyl Dimethicone/Methicone Silsesquioxane Crosspolymer;Polysilicone-11;Zinc Oxide;Isododecane;Hexyl Laurate;Polymethylsilsesquioxane;Titanium Dioxide;Dimethicone/Vinyl Dimethicone Crosspolymer;Peg-10 Dimethicone;Hydrogen Dimethicone;Aluminum Hydroxide;Stearic Acid;Cetyl Peg/Ppg-10/1 Dimethicone;Polyglyceryl-4 Isostearate;Aqua/Water/Eau;Lecithin;Glycerin;Maris Aqua/Sea Water/Eau De Mer;Alcohol;Butylene Glycol;Polysorbate 20;Carica Papaya (Papaya) Fruit Extract;Charcoal Powder;Moroccan Lava Clay;Canadian Colloidal Clay;Colloidal Oatmeal;Palmitoyl Pentapeptide-4;Niacinamide;Retinol;Acetyl Hexapeptide-8;Copper Gluconate;Collagen;Tea-Cocoyl Glutamate;Sodium Hyaluronate;Copper Tripeptide-1;Biotin;Magnesium Aspartate;Zinc Gluconate;Sodium Ascorbyl Phosphate;Ascorbic Acid;Disodium Edta;Aloe Barbadensis Leaf Extract;Curcuma Longa (Turmeric) Root Extract;Anthemis Nobilis Flower Water;Tocopheryl Acetate;Squalane;Caprylic/Capric Triglyceride;Glycyrrhiza Glabra (Licorice) Root Extract;Triethoxycaprylylsilane;Camellia Sinensis Leaf Extract;Cholesteryl Nonanoate;Cholesteryl Isostearate;Cholesteryl Chloride;Sodium Lauroyl Lactate;Ceramide Np;Ceramide Ap;Phytosphingosine;Cholesterol;Xanthan Gum;Carbomer;Ceramide Eop;Panthenol;Polyglutamic Acid;Creatine;Phenylalanine;Histidine;Arginine;Lysine;Leucine;Isoleucine;Methionine;Tryptophan;Valine;Saccharide Isomerate;Threonine;Ethylhexylglycerin;Caprylyl Glycol;1,2-Hexanediol;Phenoxyethanol;Citric Acid;Potassium Sorbate;Sodium Benzoate;Iron Oxides (Ci 77492),",0.0,177.0,13571.0,3.6271,1.0,,38.0,2.05,1.3,treatment,nan
Treatment,MURAD,Outsmart Acne Clarifying Treatment,44,4.3,"Water, Propanediol, Polymethylsilsesquioxane/Silica Crosspolymer, Dimethicone, Niacinamide, Polyacrylate Crosspolymer-6, PPG-26-Buteth-26, Oryza Sativa (Rice) Bran Extract, Boswellia Serrata Extract, Oligopeptide-10, Tocopheryl Acetate, Glycolic Acid, Glycine Soja (Soybean) Seed Extract, Zinc Gluconate, Allantoin, Honey Extract, Sebacic Acid, 10-Hydroxydecanoic Acid, Silver Citrate, Glycerin, Urea, Yeast Amino Acids, Trehalose, Inositol, Taurine, Betaine, Cetearyl Olivate, Sorbitan Olivate, Cetyl Alcohol, Xanthan Gum, PEG-40 Hydrogenated Castor Oil, Butylene Glycol, 1,10-Decanediol, Disodium EDTA, Citric Acid, Sodium Hydroxide, Caprylyl Glycol, Chlorphenesin, Phenoxyethanol, Sodium Benzoate, Limonene, Linalool, Fragrance, Blue 1 (CI 42090), Yellow 5 (CI 19140).",1,0,1,1,1,outsmart_acne_clarifying_treatment,murad,treatment,murad_outsmart_acne_clarifying_treatment,0.0,161.0,4040.0,4.3106,1.7,Treatments,25.88,2.68,3.99,"Propanediol;Polymethylsilsesquioxane/Silica Crosspolymer;Dimethicone;Niacinamide;Polyacrylate Crosspolymer-6;PPG-26-Buteth-26;Oryza Sativa (Rice) Bran Extract;Boswellia Serrata Extract;Oligopeptide-10;Tocopheryl Acetate;Glycolic Acid;Glycine Soja (Soybean) Seed Extract;Zinc Gluconate;Allantoin;Honey Extract;Sebacic Acid;10-Hydroxydecanoic Acid;Silver Citrate;Glycerin;Urea;Yeast Amino Acids;Trehalose;Inositol;Taurine;Betaine;Cetearyl Olivate;Sorbitan Olivate;Cetyl Alcohol;Xanthan Gum;PEG-40 Hydrogenated Castor Oil;Butylene Glycol;1,10-Decanediol;Disodium EDTA;Citric Acid;Sodium Hydroxide;Caprylyl Glycol;Chlorphenesin;Phenoxyethanol;Sodium Benzoate;Limonene;Linalool;Fragrance;Blue 1 (CI 42090);Yellow 5 (CI 19140),",0.0,161.0,4040.0,4.3106,1.7,Treatments,25.88,2.68,3.99,treatment,Low (3k - 7k)
Treatment,FIRST AID BEAUTY,Facial Radiance® Intensive Peel,40,4.6,"Water, Kaolin, Silt, Bentonite, Butylene Glycol, Lactic Acid, Sorbitol, Silica, Ethoxydiglycol, Titanium Dioxide, Sodium Hydroxide, Camellia Sinensis Leaf Extract, Chrysanthemum Parthenium (Feverfew) Extract, Glycyrrhiza Glabra (Licorice) Root Extract, Mucor Miehei Extract, Lavandula Angustifolia (Lavender) Flower Extract, Spirulina Platensis Powder, Epilobium Angustifolium Flower/Leaf/Stem Extract, Charcoal Powder, Citrus Grandis (Grapefruit) Seed Extract, Glycerin, Simmondsia Chinensis (Jojoba) Seed Oil, Capryloyl Salicylic Acid, Salicylic Acid, Polyacrylamide, Xanthan Gum, 1,2-Hexanediol, Caprylyl Glycol, Polysorbate 60, C13-14 Isoparaffin, Trisodium Ethylenediamine Disuccinate, Laureth-7, BHT, Sodium Citrate, Quartz, Potassium Sorbate, Sodium Benzoate, Phenoxyethanol, Oleth-10, Ceteth-25, Chromium Hydroxide Green (CI 77289).",1,1,1,1,1,facial_radiance_intensive_peel,first_aid_beauty,treatment,first_aid_beauty_facial_radiance_intensive_peel,,,,,,,,,,"Kaolin;Silt;Bentonite;Butylene Glycol;Lactic Acid;Sorbitol;Silica;Ethoxydiglycol;Titanium Dioxide;Sodium Hydroxide;Camellia Sinensis Leaf Extract;Chrysanthemum Parthenium (Feverfew) Extract;Glycyrrhiza Glabra (Licorice) Root Extract;Mucor Miehei Extract;Lavandula Angustifolia (Lavender) Flower Extract;Spirulina Platensis Powder;Epilobium Angustifolium Flower/Leaf/Stem Extract;Charcoal Powder;Citrus Grandis (Grapefruit) Seed Extract;Glycerin;Simmondsia Chinensis (Jojoba) Seed Oil;Capryloyl Salicylic Acid;Salicylic Acid;Polyacrylamide;Xanthan Gum;1,2-Hexanediol;Caprylyl Glycol;Polysorbate 60;C13-14 Isoparaffin;Trisodium Ethylenediamine Disuccinate;Laureth-7;BHT;Sodium Citrate;Quartz;Potassium Sorbate;Sodium Benzoate;Phenoxyethanol;Oleth-10;Ceteth-25;Chromium Hydroxide Green (CI 77289),",0.0,260.0,17640.0,4.5462,1.7,,23.53,1.75,1.47,treatment,nan
Treatment,PETER THOMAS ROTH,Therapeutic Sulfur Mask Acne Treatment Mask,47,4.6,"Water, Bentonite, Kaolin, Propylene Glycol, Talc, Glycerin, Aloe Barbadensis Leaf Juice, Zinc Oxide (Ci 77947), Polysorbate 20, Titanium Dioxide (Ci 77891), Carbomer, Fragrance, Sodium Hydroxide, Diazolidinyl Urea, Methylparaben, Propylparaben.",1,0,1,1,0,therapeutic_sulfur_mask_acne_treatment_mask,peter_thomas_roth,treatment,peter_thomas_roth_therapeutic_sulfur_mask_acne_treatment_mask,0.0,1000.0,44281.0,4.5546,5.0,Treatments,9.4,0.46,2.26,"Bentonite;Kaolin;Propylene Glycol;Talc;Glycerin;Aloe Barbadensis Leaf Juice;Zinc Oxide (Ci 77947);Polysorbate 20;Titanium Dioxide (Ci 77891);Carbomer;Fragrance;Sodium Hydroxide;Diazolidinyl Urea;Methylparaben;Propylparaben,",0.0,1000.0,44281.0,4.5546,5.0,Treatments,9.4,0.46,2.26,treatment,Very High (26k - 193k)
Treatment,ESTÉE LAUDER,Enlighten Dark Spot Correcting Night Serum,98,4.0,"Enlighten Dark Spot Corr Night Srm Division: El (Estee Lauder)Ingredients: Water , Dimethicone , Isododecane , Polysilicone-11 , Butylene Glycol , Ascorbyl Glucoside , Peg-10 Dimethicone , Curcuma Longa (Turmeric) Root Extract , Morus Bombycis (Mulberry) Root Extract , Gentiana Lutea (Gentian) Root Extract , Cucumis Sativus (Cucumber) Fruit Extract , Scutellaria Baicalensis Root Extract , Hordeum Vulgare (Barley) Extract/Extrait D'Orge , Yeast Extract/Faex/Extrait De Levure , Citrus Grandis (Grapefruit) Peel Extract , Oryza Sativa (Rice) Bran Extract , Salicylic Acid , Caffeine , Hydrolyzed Rice Bran Extract , Sodium Pca , Resveratryl Ferulate , Molasses Extract/Saccharum Officinarum/Extrait De Melasse , Polysorbate 20 , Ammonium Acryloyldimethyltaurate/Vp Copolymer , Propylene Glycol Dicaprate , Sodium Hyaluronate , Sorbitan Sesquioleate , Helianthus Annuus (Sunflower) Seedcake , Xanthan Gum , Tocopheryl Acetate , Acetyl Glucosamine , Acrylamide/Sodium Acryloyldimethyltaurate Copolymer , Caprylyl Glycol , Hydrolyzed Prunus Domestica , Dimethoxytolyl Propylresorcinol , Caprylic/Capric Triglyceride , Isohexadecane , Glycyrrhetinic Acid , Di-C12-18 Alkyl Dimonium Chloride , Peg-6 , Polysorbate 80 , Polymethyl Methacrylate , Fragrance , Sodium Hydroxide , Sodium Sulfite , Sodium Metabisulfite , Tromethamine , Hexylene Glycol , Silica , Dimethicone Silylate , Disodium Edta , Bht , Phenoxyethanol , Titanium Dioxide (Ci 77891) , Mica",0,0,0,0,0,enlighten_dark_spot_correcting_night_serum,estée_lauder,treatment,estée_lauder_enlighten_dark_spot_correcting_night_serum,,,,,,,,,,Enlighten Dark Spot Corr Night Srm Division: El (Estee Lauder)Ingredients: Water;Dimethicone;Isododecane;Polysilicone-11;Butylene Glycol;Ascorbyl Glucoside;Peg-10 Dimethicone;Curcuma Longa (Turmeric) Root Extract;Morus Bombycis (Mulberry) Root Extract;Gentiana Lutea (Gentian) Root Extract;Cucumis Sativus (Cucumber) Fruit Extract;Scutellaria Baicalensis Root Extract;Hordeum Vulgare (Barley) Extract/Extrait D'Orge;Yeast Extract/Faex/Extrait De Levure;Citrus Grandis (Grapefruit) Peel Extract;Oryza Sativa (Rice) Bran Extract;Salicylic Acid;Caffeine;Hydrolyzed Rice Bran Extract;Sodium Pca;Resveratryl Ferulate;Molasses Extract/Saccharum Officinarum/Extrait De Melasse;Polysorbate 20;Ammonium Acryloyldimethyltaurate/Vp Copolymer;Propylene Glycol Dicaprate;Sodium Hyaluronate;Sorbitan Sesquioleate;Helianthus Annuus (Sunflower) Seedcake;Xanthan Gum;Tocopheryl Acetate;Acetyl Glucosamine;Acrylamide/Sodium Acryloyldimethyltaurate Copolymer;Caprylyl Glycol;Hydrolyzed Prunus Domestica;Dimethoxytolyl Propylresorcinol;Caprylic/Capric Triglyceride;Isohexadecane;Glycyrrhetinic Acid;Di-C12-18 Alkyl Dimonium Chloride;Peg-6;Polysorbate 80;Polymethyl Methacrylate;Fragrance;Sodium Hydroxide;Sodium Sulfite;Sodium Metabisulfite;Tromethamine;Hexylene Glycol;Silica;Dimethicone Silylate;Disodium Edta;Bht;Phenoxyethanol;Titanium Dioxide (Ci 77891);Mica,0.0,49.0,5711.0,3.9592,1.7,Moisturizers,57.65,8.08,0.86,treatment,nan
Treatment,PERRICONE MD,PRE:EMPT SERIES™ Skin Perfecting Serum,90,4.3,"Water, Hexylene Glycol, Glycerin, Isohexadecane, Polysorbate 20, Dimethyl MEA, Thioctic Acid, Tetrahexyldecyl Ascorbate, Palmitoyl Tripeptide-5, Acetyl Tyrosine, Lepidium Sativum Sprout Extract, Olea Europaea (Olive) Leaf Extract, Magnesium Ascorbyl Phosphate, Tetrahydrodemethoxydiferuloylmethane, Epigallocatechin Gallatyl Glucoside, Tocopheryl Acetate, Tetrahydrodiferuloylmethane, Tetrahydrobisdemethoxydiferuloylmethane, Lecithin, Carbomer, Disodium EDTA, Sorbitol, Caprylyl Glycol, Phenoxyethanol, Fragrance/Parfum, Amyl Cinnamal, Hydroxycitronellal, Linalool.",1,1,1,1,1,pre:empt_series_skin_perfecting_serum,perricone_md,treatment,perricone_md_pre:empt_series_skin_perfecting_serum,,,,,,,,,,"Hexylene Glycol;Glycerin;Isohexadecane;Polysorbate 20;Dimethyl MEA;Thioctic Acid;Tetrahexyldecyl Ascorbate;Palmitoyl Tripeptide-5;Acetyl Tyrosine;Lepidium Sativum Sprout Extract;Olea Europaea (Olive) Leaf Extract;Magnesium Ascorbyl Phosphate;Tetrahydrodemethoxydiferuloylmethane;Epigallocatechin Gallatyl Glucoside;Tocopheryl Acetate;Tetrahydrodiferuloylmethane;Tetrahydrobisdemethoxydiferuloylmethane;Lecithin;Carbomer;Disodium EDTA;Sorbitol;Caprylyl Glycol;Phenoxyethanol;Fragrance/Parfum;Amyl Cinnamal;Hydroxycitronellal;Linalool,",0.0,58.0,7044.0,4.2759,1.0,,90.0,7.37,0.82,treatment,nan
Treatment,DR. JART+,Dermaclear™ Micro Milk Peel,42,4.4,"Water, Hydrogenated Polydecene, Caprylic/Capric Triglyceride, Squalane, Carthamus Tinctorius (Safflower) Seed Oil, Glycerin, 1,2-Hexanediol, PEG-6 Caprylic/Capric Glycerides, PEG-40 Glyceryl Cocoate, Cyclopentasiloxane , Butylene Glycol, Phenoxyethanol, Propanediol, Cyclohexasiloxane, Sodium Coceth Sulfate, Pyrus Malus (Apple) Fruit Water, Alcohol, Citrus Aurantium Bergamia (Bergamot) Fruit Oil, Protease, Ethylhexylglycerin, Caprylyl Glycol, Cocos Nucifera (Coconut) Fruit Extract, Propylene Glycol, Glutathione, Lactic Acid, Lactobionic Acid, Panthenol, Salicylic Acid, Polyglutamic Acid, Sodium Hyaluronate, Ascorbic Acid, Citric Acid, Hibiscus Sabdariffa Flower Extract, Malic Acid, Tartaric Acid, Crataegus Monogyna Flower Extract, Potassium Sorbate, Sodium Benzoate, Viola Tricolor Extract.",1,1,1,1,1,dermaclear_micro_milk_peel,dr._jart,treatment,dr._jart_dermaclear_micro_milk_peel,,,,,,,,,,"Hydrogenated Polydecene;Caprylic/Capric Triglyceride;Squalane;Carthamus Tinctorius (Safflower) Seed Oil;Glycerin;1,2-Hexanediol;PEG-6 Caprylic/Capric Glycerides;PEG-40 Glyceryl Cocoate;Cyclopentasiloxane;Butylene Glycol;Phenoxyethanol;Propanediol;Cyclohexasiloxane;Sodium Coceth Sulfate;Pyrus Malus (Apple) Fruit Water;Alcohol;Citrus Aurantium Bergamia (Bergamot) Fruit Oil;Protease;Ethylhexylglycerin;Caprylyl Glycol;Cocos Nucifera (Coconut) Fruit Extract;Propylene Glycol;Glutathione;Lactic Acid;Lactobionic Acid;Panthenol;Salicylic Acid;Polyglutamic Acid;Sodium Hyaluronate;Ascorbic Acid;Citric Acid;Hibiscus Sabdariffa Flower Extract;Malic Acid;Tartaric Acid;Crataegus Monogyna Flower Extract;Potassium Sorbate;Sodium Benzoate;Viola Tricolor Extract,",,,,,,,,,,treatment,nan
Treatment,AMOREPACIFIC,FUTURE RESPONSE Age Defense Serum,160,4.2,"Camellia Sinensis Leaf Water, Butylene Glycol, Glycerin, Squalane, Dimethicone, Alcohol, Pentaerythrityl Tetraisostearate, Water, Hydroxyethyl Acrylate/Sodium Acryloyldimethyl Taurate Copolymer, Epigallocatechin Gallate, Tricholoma Matsutake Extract, Camellia Sinensis Leaf Extract, Camellia Sinensis Leaf Powder, Opuntia Coccinellifera Fruit Extract, Madecassoside, Glycine Soja (Soybean) Seed Extract, Beta-Glucan, Theanine, Adenosine, Tocophersolan, Nylon-12, Cetearyl Alcohol, Polysorbate 60, Propanediol, Glyceryl Caprylate, Kaolin, Cetearyl Glucoside, Ethylhexylglycerin, Poloxamer 235, Polyglutamic Acid, Ethoxydiglycol, Poloxamer 338, 1,2-Hexanediol, Caprylyl Glycol, Disodium Edta, Phenoxyethanol, Fragrance.",1,1,1,1,1,future_response_age_defense_serum,amorepacific,treatment,amorepacific_future_response_age_defense_serum,,,,,,,,,,"Camellia Sinensis Leaf Water;Butylene Glycol;Glycerin;Squalane;Dimethicone;Alcohol;Pentaerythrityl Tetraisostearate;Hydroxyethyl Acrylate/Sodium Acryloyldimethyl Taurate Copolymer;Epigallocatechin Gallate;Tricholoma Matsutake Extract;Camellia Sinensis Leaf Extract;Camellia Sinensis Leaf Powder;Opuntia Coccinellifera Fruit Extract;Madecassoside;Glycine Soja (Soybean) Seed Extract;Beta-Glucan;Theanine;Adenosine;Tocophersolan;Nylon-12;Cetearyl Alcohol;Polysorbate 60;Propanediol;Glyceryl Caprylate;Kaolin;Cetearyl Glucoside;Ethylhexylglycerin;Poloxamer 235;Polyglutamic Acid;Ethoxydiglycol;Poloxamer 338;1,2-Hexanediol;Caprylyl Glycol;Disodium Edta;Phenoxyethanol;Fragrance,",,,,,,,,,,treatment,nan
Treatment,DR. DENNIS GROSS SKINCARE,Ferulic + Retinol Wrinkle Recovery Peel,88,4.4,"Water, Hamamelis Virginiana (Witch Hazel) Water, SD Alcohol 40-B, Butylene Glycol, Hydroxyethyl Urea, PEG-8 Dimethicone, Ethoxydiglycol, Retinol, Ferulic Acid, Centella Asiatica Extract, Bisabolol, Soy Isoflavones, Rehmannia Glutinosa Root Extract, Sodium Hyaluronate, Aloe Barbadensis Leaf Juice, Phospholipids, Sphingolipids, Squalane, Anthemis Nobilis Flower Extract, Camellia Sinensis Leaf Extract, Cucumis Sativus (Cucumber) Fruit Extract, Sodium PCA, Lactic Acid, Mandelic Acid, Linoleic Acid, Linolenic Acid, Glycerin, Caprylic/Capric Triglyceride, Tetrasodium EDTA, Sodium Hydroxide, Citrus Aurantium Bergamia (Bergamot) Fruit Extract, Citrus Limon (Lemon) Peel Extract, Lavandula Angustifolia (Lavender) Flower/Leaf/Stem Extract, PEG-40 Hydrogenated Castor Oil, BHA, Trideceth-9, Polysorbate 20, Potassium Sorbate, Benzoic Acid, BHT, Sodium Benzoate, Phenoxyethanol.",1,1,1,1,0,ferulic_retinol_wrinkle_recovery_peel,dr._dennis_gross_skincare,treatment,dr._dennis_gross_skincare_ferulic_retinol_wrinkle_recovery_peel,0.0,150.0,11010.0,4.38,,Treatments,,2.92,1.36,"Hamamelis Virginiana (Witch Hazel) Water;SD Alcohol 40-B;Butylene Glycol;Hydroxyethyl Urea;PEG-8 Dimethicone;Ethoxydiglycol;Retinol;Ferulic Acid;Centella Asiatica Extract;Bisabolol;Soy Isoflavones;Rehmannia Glutinosa Root Extract;Sodium Hyaluronate;Aloe Barbadensis Leaf Juice;Phospholipids;Sphingolipids;Squalane;Anthemis Nobilis Flower Extract;Camellia Sinensis Leaf Extract;Cucumis Sativus (Cucumber) Fruit Extract;Sodium PCA;Lactic Acid;Mandelic Acid;Linoleic Acid;Linolenic Acid;Glycerin;Caprylic/Capric Triglyceride;Tetrasodium EDTA;Sodium Hydroxide;Citrus Aurantium Bergamia (Bergamot) Fruit Extract;Citrus Limon (Lemon) Peel Extract;Lavandula Angustifolia (Lavender) Flower/Leaf/Stem Extract;PEG-40 Hydrogenated Castor Oil;BHA;Trideceth-9;Polysorbate 20;Potassium Sorbate;Benzoic Acid;BHT;Sodium Benzoate;Phenoxyethanol,",0.0,150.0,11010.0,4.38,,Treatments,,2.92,1.36,treatment,Medium (7k - 13k)
Treatment,OLEHENRIKSEN,Pure Truth™ Youth Activating Oil,45,4.0,"Rosa Canina (Rosehip) Fruit Oil, Citrus Tangerina (Tangerine) Peel Oil, Tocopherol, Cymbopogon Flexuosus (Lemongrass) Oil, Glycine Soja (Soybean) Oil, Limonene, Linalool, Citral, Citronellol, Geraniol.",1,1,1,1,1,pure_truth_youth_activating_oil,olehenriksen,treatment,olehenriksen_pure_truth_youth_activating_oil,,,,,,,,,,"Rosa Canina (Rosehip) Fruit Oil;Citrus Tangerina (Tangerine) Peel Oil;Tocopherol;Cymbopogon Flexuosus (Lemongrass) Oil;Glycine Soja (Soybean) Oil;Limonene;Linalool;Citral;Citronellol;Geraniol,",,,,,,,,,,treatment,nan
Treatment,DR. DENNIS GROSS SKINCARE,Hyaluronic Marine Hydration Booster,68,4.4,"Oenothera Biennis (Evening Primrose) Flower/Leaf/Stem Extract, Glycerin, Saccharide Isomerate, Yucca Aloifolia Leaf/Root Extract, Sodium Hyaluronate, Linoleic Acid, Centella Asiatica Extract, Cucumis Sativus (Cucumber) Fruit Extract, Ceramide AP, Ceramide EOP, Ceramide NP, Citrullus Lanatus (Watermelon) Fruit Extract, Hydrolyzed Collagen, Camellia Sinensis Leaf Extract, Quercetin Caprylate, Glycolic Acid, Lactic Acid, Chamomilla Recutita (Matricaria) Flower Extract, Glycine Soja (Soybean) Extract, Retinol, Tocopheryl Acetate, Symphytum Officinale Extract, Cocos Nucifera (Coconut) Fruit Juice, Tetrapeptide-21, Copper PCA, Sodium PCA, Urea, Bisabolol, Acrylates/Carbamate Copolymer, C13-14 Isoparaffin, Phytosphingosine, Zinc PCA, Laureth-7, Sodium Lauroyl Lactylate, Isosteareth-200 Linoleate, Polysorbate 20, Carbomer, Cholesterol, Polyacrylamide, Xanthan Gum, Disodium EDTA, Phenoxyethanol, Sodium Benzoate, Fragrance.",0,0,0,0,0,hyaluronic_marine_hydration_booster,dr._dennis_gross_skincare,treatment,dr._dennis_gross_skincare_hyaluronic_marine_hydration_booster,0.0,82.0,5589.0,4.4146,1.0,Treatments,68.0,5.38,1.47,"Oenothera Biennis (Evening Primrose) Flower/Leaf/Stem Extract;Glycerin;Saccharide Isomerate;Yucca Aloifolia Leaf/Root Extract;Sodium Hyaluronate;Linoleic Acid;Centella Asiatica Extract;Cucumis Sativus (Cucumber) Fruit Extract;Ceramide AP;Ceramide EOP;Ceramide NP;Citrullus Lanatus (Watermelon) Fruit Extract;Hydrolyzed Collagen;Camellia Sinensis Leaf Extract;Quercetin Caprylate;Glycolic Acid;Lactic Acid;Chamomilla Recutita (Matricaria) Flower Extract;Glycine Soja (Soybean) Extract;Retinol;Tocopheryl Acetate;Symphytum Officinale Extract;Cocos Nucifera (Coconut) Fruit Juice;Tetrapeptide-21;Copper PCA;Sodium PCA;Urea;Bisabolol;Acrylates/Carbamate Copolymer;C13-14 Isoparaffin;Phytosphingosine;Zinc PCA;Laureth-7;Sodium Lauroyl Lactylate;Isosteareth-200 Linoleate;Polysorbate 20;Carbomer;Cholesterol;Polyacrylamide;Xanthan Gum;Disodium EDTA;Phenoxyethanol;Sodium Benzoate;Fragrance,",0.0,82.0,5589.0,4.4146,1.0,Treatments,68.0,5.38,1.47,treatment,Low (3k - 7k)
Treatment,SHISEIDO,Bio-Performance Glow Revival Serum,92,4.3,"Water, Dipropylene Glycol, Glycerin, Dimethicone, Diphenylsiloxy Phenyl Trimethicone, Sd Alcohol 40-B (Alcohol Denat.), Peg-20, Trehalose, Pentaerythrityl Tetraethylhexanoate, Behenyl Alcohol, Silica, Isostearic Acid, Mica, Phytosteryl Macadamiate, Titanium Dioxide (Ci 77891), Stearyl Alcohol, Phenoxyethanol, Sodium Methyl Stearoyl Taurate, Lauryl Betaine, Methylparaben, Carbomer, Xylitol, Tocopheryl Acetate, Sodium Hyaluronate, Potassium Hydroxidw, Disodium Edta, Fragrance, Glycyl Glycine, 2-O-Ethyl Ascorbic Acid, Sodium Metaphosphate, Butylene Glycol, Limonene, Sodium Metabisulfite, Dipotassium Glycyrrhizate, Oryzanol, Magnesium Ascorbyl Phosphate, Saccharomyces Ferment Lysate Filtrate, Alcohol, Hexyl Cinnamal, Benzyl Benzoate, Butylphenyl Methylpropional, Linalool, Sodium Acetylated Hyaluronate, Iron Oxides (Ci 77491), Alpha-Isomethyl Ionone, Crataegus Monogyna Flower Extract, Citronellol, Geraniol, Sodium Benzoate, Tocopherol, Camellia Sinensis Leaf Extract, Cinnamomum Cassia Bark Extract.",0,0,0,0,0,bio_performance_glow_revival_serum,shiseido,treatment,shiseido_bio_performance_glow_revival_serum,0.0,36.0,3199.0,4.1944,1.0,Treatments,95.0,11.65,1.13,"Dipropylene Glycol;Glycerin;Dimethicone;Diphenylsiloxy Phenyl Trimethicone;Sd Alcohol 40-B (Alcohol Denat,);Peg-20;Trehalose;Pentaerythrityl Tetraethylhexanoate;Behenyl Alcohol;Silica;Isostearic Acid;Mica;Phytosteryl Macadamiate;Titanium Dioxide (Ci 77891);Stearyl Alcohol;Phenoxyethanol;Sodium Methyl Stearoyl Taurate;Lauryl Betaine;Methylparaben;Carbomer;Xylitol;Tocopheryl Acetate;Sodium Hyaluronate;Potassium Hydroxidw;Disodium Edta;Fragrance;Glycyl Glycine;2-O-Ethyl Ascorbic Acid;Sodium Metaphosphate;Butylene Glycol;Limonene;Sodium Metabisulfite;Dipotassium Glycyrrhizate;Oryzanol;Magnesium Ascorbyl Phosphate;Saccharomyces Ferment Lysate Filtrate;Alcohol;Hexyl Cinnamal;Benzyl Benzoate;Butylphenyl Methylpropional;Linalool;Sodium Acetylated Hyaluronate;Iron Oxides (Ci 77491);Alpha-Isomethyl Ionone;Crataegus Monogyna Flower Extract;Citronellol;Geraniol;Sodium Benzoate;Tocopherol;Camellia Sinensis Leaf Extract;Cinnamomum Cassia Bark Extract,",0.0,36.0,3199.0,4.1944,1.0,Treatments,95.0,11.65,1.13,treatment,Very Low (0 - 3k)
Treatment,KATE SOMERVILLE,Breakout Fighters,55,4.0,"Water, Sodium Cocoyl Isethionate, Coco-Glucoside, Sulfur, Acrylates Copolymer, Coconut Alcohol, Glycereth-18 Ethylhexanoate, Glycereth-18, Stearyl Alcohol, Mel Extract/Honey Extract/Extrait de Miel, Oryza Sativa (Rice) Bran Extract, Avena Sativa (Oat) Kernel Extract, Oligopeptide-10, Boswellia Serrata Extract, Behenyl Alcohol, Glycerin, Xanthan Gum, Caprylyl Glycol, Hexylene Glycol, Butylene Glycol, Phenoxyethanol, Parfum/Fragrance, Citric Acid, Sodium Hydroxide, Ethylhexylglycerin, Disodium EDTA, Disodium Carboxyethyl Siliconate, Linalool, Potassium Sorbate, Sodium Benzoate , CI 77891 (Titanium Dioxide), CI 77491 (Iron Oxides)",1,1,1,1,1,breakout_fighters,kate_somerville,treatment,kate_somerville_breakout_fighters,0.0,14.0,5132.0,4.2857,,Treatments,,30.61,0.27,Sodium Cocoyl Isethionate;Coco-Glucoside;Sulfur;Acrylates Copolymer;Coconut Alcohol;Glycereth-18 Ethylhexanoate;Glycereth-18;Stearyl Alcohol;Mel Extract/Honey Extract/Extrait de Miel;Oryza Sativa (Rice) Bran Extract;Avena Sativa (Oat) Kernel Extract;Oligopeptide-10;Boswellia Serrata Extract;Behenyl Alcohol;Glycerin;Xanthan Gum;Caprylyl Glycol;Hexylene Glycol;Butylene Glycol;Phenoxyethanol;Parfum/Fragrance;Citric Acid;Sodium Hydroxide;Ethylhexylglycerin;Disodium EDTA;Disodium Carboxyethyl Siliconate;Linalool;Potassium Sorbate;Sodium Benzoate;CI 77891 (Titanium Dioxide);CI 77491 (Iron Oxides),0.0,14.0,5132.0,4.2857,,Treatments,,30.61,0.27,treatment,Low (3k - 7k)
Treatment,ALGENIST,Pore Corrector Anti-Aging Primer,42,4.4,"Water, Butylene Glycol, Dimethicone, Glycerin, Hydroxyethyl Acrylate/Sodium Acryloyldimethyl Taurate Copolymer, Algae Exopolysaccharides, Camellia Sinensis Leaf Extract, Chamomilla Recutita (Matricaria) Flower Extract, Medicago Sativa (Alfalfa) Seed Extract, Prunus Amygdalus Dulcis (Sweet Almond) Seed Extract, Pisum Sativum (Pea) Extract, Hydrolyzed Soy Protein, Hydrolyzed Lupine Protein, Hydrolyzed Wheat Protein, Tripeptide-1, Acetyl Tetrapeptide-9, Acetyl Dipeptide-1 Cetyl Ester, Tocopheryl Acetate, Glycosaminoglycans, Phospholipids, Caffeine, Squalane, Ethylhexylglycerin, Hydroxyethylcellulose, Dimethicone/Vinyl Dimethicone Crosspolymer, Acrylates C10/30 Alkyl Acrylate Crosspolymer, Dimethicone PEG-10/15 Crosspolymer, Aminomethyl Propanol, Disodium EDTA, Trisodium EDTA, Dextran, Caprylyl Glycol, Pentlyene Glycol, Hexylene Glycol, Polysorbate 60, Sorbitan Laurate, Sodium Citrate, Potassium Sorbate, Phenoxyethanol, Silica.",1,1,1,1,1,pore_corrector_anti_aging_primer,algenist,treatment,algenist_pore_corrector_anti_aging_primer,0.0,176.0,8824.0,4.3523,1.0,Treatments,42.0,2.47,1.99,"Butylene Glycol;Dimethicone;Glycerin;Hydroxyethyl Acrylate/Sodium Acryloyldimethyl Taurate Copolymer;Algae Exopolysaccharides;Camellia Sinensis Leaf Extract;Chamomilla Recutita (Matricaria) Flower Extract;Medicago Sativa (Alfalfa) Seed Extract;Prunus Amygdalus Dulcis (Sweet Almond) Seed Extract;Pisum Sativum (Pea) Extract;Hydrolyzed Soy Protein;Hydrolyzed Lupine Protein;Hydrolyzed Wheat Protein;Tripeptide-1;Acetyl Tetrapeptide-9;Acetyl Dipeptide-1 Cetyl Ester;Tocopheryl Acetate;Glycosaminoglycans;Phospholipids;Caffeine;Squalane;Ethylhexylglycerin;Hydroxyethylcellulose;Dimethicone/Vinyl Dimethicone Crosspolymer;Acrylates C10/30 Alkyl Acrylate Crosspolymer;Dimethicone PEG-10/15 Crosspolymer;Aminomethyl Propanol;Disodium EDTA;Trisodium EDTA;Dextran;Caprylyl Glycol;Pentlyene Glycol;Hexylene Glycol;Polysorbate 60;Sorbitan Laurate;Sodium Citrate;Potassium Sorbate;Phenoxyethanol;Silica,",0.0,176.0,8824.0,4.3523,1.0,Treatments,42.0,2.47,1.99,treatment,Medium (7k - 13k)
Treatment,KATE SOMERVILLE,Age Arrest Anti-Wrinkle Cream,90,4.1,"Water, Neopentyl Glycol Diheptanoate, Caprylic/Capric Triglycerides, Cetearyl Alcohol, Cocoglycerides, Propanediol, Glycerin, Cetyl Esters, Dimethicone, Tridecyl Neopentanoate, Stearyl Alcohol, Glyceryl Stearate, Ergothioneine, Panthenol, Tocopheryl Acetate, Palmitoyl Dipeptide-10, Kappaphycus Alvarezii Extract, Tocopherol, Tocotrienols, Aloe Barbadensis Leaf Juice, Avena Sativa (Oat) Bran Extract, Hydrolyzed Hyaluronic Acid, Adenosine, Sea Whip Extract, Tripleurospermum Maritimum Extract, Rosmarinus Officinalis (Rosemary) Leaf Extract, Lavandula Angustifolia (Lavender) Flower/Leaf/Stem Extract, Mentha Piperita (Peppermint) Leaf Extract, Passiflora Incarnata Fruit Extract, Aniba Rosaeodora (Rosewood) Wood Extract, Camellia Sinensis Leaf Extract, Cananga Odorata Flower Extract, Cupressus Sempervirens Seed Extract, Fucus Vesiculosus Extract, Prunus Armeniaca (Apricot) Fruit Extract, Jasminum Officinale (Jasmine) Flower/Leaf Extract, Vanilla Planifolia Fruit Extract, Citrus Aurantium Bergamia (Bergamot) Fruit Extract, Santalum Album (Sandalwood) Wood Extract, Coriandrum Sativum (Coriander) Seed Extract, Cucumis Melo Cantalupensis Fruit Extract, Cucumis Sativus (Cucumber) Fruit Extract, Prunus Persica (Peach) Fruit Extract, Pyrus Malus (Apple) Fruit Extract, Rose Extract, Rubus Idaeus (Raspberry) Fruit Extract, Tetrahexyldecyl Ascorbate, Ceteareth-20, PEG-40 Stearate, Sodium Acrylate/Sodium Acryloyldimethyl Taurate Copolymer, Arachidyl Alcohol, Elaeis Guineensis (Palm) Oil, Cetyl Alcohol, Sorbitan Oleate, Isohexadecane, Xanthan Gum, Ethylhexylglycerin, Polysorbate 80, Disodium EDTA, Potassium Sorbate, Citric Acid, Phenoxyethanol, Sodium Benzoate, Sorbic Acid.",0,0,0,0,0,age_arrest_anti_wrinkle_cream,kate_somerville,treatment,kate_somerville_age_arrest_anti_wrinkle_cream,0.0,68.0,3293.0,4.0588,1.7,Moisturizers,52.94,5.97,2.06,"Neopentyl Glycol Diheptanoate;Caprylic/Capric Triglycerides;Cetearyl Alcohol;Cocoglycerides;Propanediol;Glycerin;Cetyl Esters;Dimethicone;Tridecyl Neopentanoate;Stearyl Alcohol;Glyceryl Stearate;Ergothioneine;Panthenol;Tocopheryl Acetate;Palmitoyl Dipeptide-10;Kappaphycus Alvarezii Extract;Tocopherol;Tocotrienols;Aloe Barbadensis Leaf Juice;Avena Sativa (Oat) Bran Extract;Hydrolyzed Hyaluronic Acid;Adenosine;Sea Whip Extract;Tripleurospermum Maritimum Extract;Rosmarinus Officinalis (Rosemary) Leaf Extract;Lavandula Angustifolia (Lavender) Flower/Leaf/Stem Extract;Mentha Piperita (Peppermint) Leaf Extract;Passiflora Incarnata Fruit Extract;Aniba Rosaeodora (Rosewood) Wood Extract;Camellia Sinensis Leaf Extract;Cananga Odorata Flower Extract;Cupressus Sempervirens Seed Extract;Fucus Vesiculosus Extract;Prunus Armeniaca (Apricot) Fruit Extract;Jasminum Officinale (Jasmine) Flower/Leaf Extract;Vanilla Planifolia Fruit Extract;Citrus Aurantium Bergamia (Bergamot) Fruit Extract;Santalum Album (Sandalwood) Wood Extract;Coriandrum Sativum (Coriander) Seed Extract;Cucumis Melo Cantalupensis Fruit Extract;Cucumis Sativus (Cucumber) Fruit Extract;Prunus Persica (Peach) Fruit Extract;Pyrus Malus (Apple) Fruit Extract;Rose Extract;Rubus Idaeus (Raspberry) Fruit Extract;Tetrahexyldecyl Ascorbate;Ceteareth-20;PEG-40 Stearate;Sodium Acrylate/Sodium Acryloyldimethyl Taurate Copolymer;Arachidyl Alcohol;Elaeis Guineensis (Palm) Oil;Cetyl Alcohol;Sorbitan Oleate;Isohexadecane;Xanthan Gum;Ethylhexylglycerin;Polysorbate 80;Disodium EDTA;Potassium Sorbate;Citric Acid;Phenoxyethanol;Sodium Benzoate;Sorbic Acid,",0.0,68.0,3293.0,4.0588,1.7,Moisturizers,52.94,5.97,2.06,treatment,Very Low (0 - 3k)
Treatment,PETER THOMAS ROTH,Un-Wrinkle® Turbo Face Serum,150,3.7,"Water, Glycerin, Rosa Centifolia Flower Water, Alcohol Denat., Butylene Glycol, Palmitoyl Hexapeptide-12, Palmitoyl Dipeptide-10, Acetyl Hexapeptide-30, Acetyl Hexapeptide-8, Pentapeptide-18, Palmitoyl Tetrapeptide-7, Tripeptide-10 Citrulline, Tetrapeptide-21, Palmitoyl Tripeptide-5, Acetyl Octapeptide-3, Palmitoyl Tripeptide-38, Tripeptide-1, Palmitoyl Oligopeptide, Palmitoyl Tripeptide-1, Caprooyl Tetrapeptide-3, Dipeptide Diaminobutyroyl Benzylamide Diacetate, Acetylarginyltryptophyl Diphenylglycine, Sodium Hyaluronate, Ascorbic Acid, Tocopheryl Acetate, Retinyl Palmitate, Squalane, Lecithin, Arginine, Hydrolyzed Soy Protein, Peg-8 Dimethicone, Pseudoalteromonas Ferment Extract, Hydrolyzed Wheat Protein, Octyldodecanol, Sodium Propoxyhydroxypropyl Thiosulfate Silica, Xanthan Gum, Silica, Carbomer, Sodium Lactate, Triethanolamine, Hydroxypropyl Cyclodextrin, Polysorbate 20, Dextran, Isopropyl Myristate, Potassium Sorbate, Sodium Benzoate, Caprylyl Glycol, Phenoxyethanol, Red 33 (Ci 17200).",0,0,0,0,0,un_wrinkle_turbo_face_serum,peter_thomas_roth,treatment,peter_thomas_roth_un_wrinkle_turbo_face_serum,,,,,,,,,,"Glycerin;Rosa Centifolia Flower Water;Alcohol Denat,;Butylene Glycol;Palmitoyl Hexapeptide-12;Palmitoyl Dipeptide-10;Acetyl Hexapeptide-30;Acetyl Hexapeptide-8;Pentapeptide-18;Palmitoyl Tetrapeptide-7;Tripeptide-10 Citrulline;Tetrapeptide-21;Palmitoyl Tripeptide-5;Acetyl Octapeptide-3;Palmitoyl Tripeptide-38;Tripeptide-1;Palmitoyl Oligopeptide;Palmitoyl Tripeptide-1;Caprooyl Tetrapeptide-3;Dipeptide Diaminobutyroyl Benzylamide Diacetate;Acetylarginyltryptophyl Diphenylglycine;Sodium Hyaluronate;Ascorbic Acid;Tocopheryl Acetate;Retinyl Palmitate;Squalane;Lecithin;Arginine;Hydrolyzed Soy Protein;Peg-8 Dimethicone;Pseudoalteromonas Ferment Extract;Hydrolyzed Wheat Protein;Octyldodecanol;Sodium Propoxyhydroxypropyl Thiosulfate Silica;Xanthan Gum;Silica;Carbomer;Sodium Lactate;Triethanolamine;Hydroxypropyl Cyclodextrin;Polysorbate 20;Dextran;Isopropyl Myristate;Potassium Sorbate;Sodium Benzoate;Caprylyl Glycol;Phenoxyethanol;Red 33 (Ci 17200),",0.0,44.0,2568.0,3.7955,1.0,,150.0,8.63,1.71,treatment,nan
Treatment,PETER THOMAS ROTH,Potent-C™ Targeted Spot Brightener,58,4.5,"Water, Tetrahexyldecyl Ascorbate, PEG-8 Beeswax, Butylene Glycol, Magnesium Aluminum Silicate, Cetearyl Alcohol, Tocopheryl Acetate, Glyceryl Stearate, PEG-100 Stearate, Ferulic Acid, Isopropyl Palmitate, Glycerin, Ceteareth-20, Dimethicone, Allantoin, Aloe Barbadensis Leaf Juice, Angelica Acutiloba Root Extract, Dictyopteris Polypodioides Extract, Citric Acid, Disodium EDTA, Titanium Dioxide, Mica, Potassium Bitartrate, Potassium Sorbate, Sodium Benzoate, Phenoxyethanol.",1,1,1,1,1,potent_c_targeted_spot_brightener,peter_thomas_roth,treatment,peter_thomas_roth_potent_c_targeted_spot_brightener,,,,,,,,,,"Tetrahexyldecyl Ascorbate;PEG-8 Beeswax;Butylene Glycol;Magnesium Aluminum Silicate;Cetearyl Alcohol;Tocopheryl Acetate;Glyceryl Stearate;PEG-100 Stearate;Ferulic Acid;Isopropyl Palmitate;Glycerin;Ceteareth-20;Dimethicone;Allantoin;Aloe Barbadensis Leaf Juice;Angelica Acutiloba Root Extract;Dictyopteris Polypodioides Extract;Citric Acid;Disodium EDTA;Titanium Dioxide;Mica;Potassium Bitartrate;Potassium Sorbate;Sodium Benzoate;Phenoxyethanol,",0.0,291.0,4467.0,4.457,0.5,,116.0,1.53,6.51,treatment,nan
Treatment,MURAD,Post-Acne Spot Lightening Gel,65,3.7,"Water, Alcohol Denat., Glycolic Acid, Butylene Glycol, Glycerin, Methyl Gluceth-10, Aloe Barbadensis Leaf Juice, Salix Alba (Willow) Bark Extract,Lecithin, Magnesium Ascorbyl Phosphate, Tocopherol, Palmitoyl Hydroxypropyltrimonium Amylopectin/Glycerin Crosspolymer, Vitis Vinifera (Grape) Seed Extract, Rice Amino Acids, Chitosan Ascorbate, Lysine Lauroyl Methionate, Zinc Asparate, Allantoin, Melaleuca Alternifolia (Tea Tree) Leaf Oil, Dipotassium Glycyrrhizate, Polyquaternium-10, Hydroxyethylcellulose, PEG-40 Hydrogenated Castor Oil, Tetrasodium EDTA, Sodium Metabisulfate, Sodium Sulfite, Sodium Hydroxide.",0,0,0,0,0,post_acne_spot_lightening_gel,murad,treatment,murad_post_acne_spot_lightening_gel,0.0,452.0,17234.0,3.7367,1.0,Treatments,67.0,0.83,2.62,"Alcohol Denat,;Glycolic Acid;Butylene Glycol;Glycerin;Methyl Gluceth-10;Aloe Barbadensis Leaf Juice;Salix Alba (Willow) Bark Extract;Lecithin;Magnesium Ascorbyl Phosphate;Tocopherol;Palmitoyl Hydroxypropyltrimonium Amylopectin/Glycerin Crosspolymer;Vitis Vinifera (Grape) Seed Extract;Rice Amino Acids;Chitosan Ascorbate;Lysine Lauroyl Methionate;Zinc Asparate;Allantoin;Melaleuca Alternifolia (Tea Tree) Leaf Oil;Dipotassium Glycyrrhizate;Polyquaternium-10;Hydroxyethylcellulose;PEG-40 Hydrogenated Castor Oil;Tetrasodium EDTA;Sodium Metabisulfate;Sodium Sulfite;Sodium Hydroxide,",0.0,452.0,17234.0,3.7367,1.0,Treatments,67.0,0.83,2.62,treatment,High (13k - 26k)
Treatment,ORIGINS,Dr. Andrew Weil For Origins™ Mega-Mushroom Relief & Resilience Advanced Face Serum,56,4.1,"Water, Simmondsia Chinensis (Jojoba) Seed Oil, Glycerin, Olea Europaea (Olive) Fruit Oil, Caprylic/Capric/Myristic/Stearic Triglyceride, Hydrogenated Lecithin, Camelina Sativa Seed Oil, Butyrospermum Parkii (Shea Butter), Mangifera Indica (Mango) Seed Butter, Citrus Aurantium Dulcis (Orange) Oil** Lavandula Angustifolia (Lavender) Oil**, Pogostemon Cablin (Patchouli) Oil**, Citrus Nobilis (Mandarin Orange) Peel Oil**, Pelargonium Graveolens Flower Oil**, Boswellia Carterii (Olibanum) Oil ***, Limonene, Linalool, Citronellol, Geraniol, Citral, Ganoderma Lucidum (Reishi Mushroom) Extract, Fuscoporia Obliqua Sclerotium Extract, Cordyceps Sinensis (Mushroom) Extract, Ergothioneine, Lactobacillus Ferment, Butylene Glycol, Hippophae Rhamnoides Extract*, Zingiber Officinale (Ginger) Root Extract*, Triticum Vulgare (Wheat) Germ Extract, Ocimum Sanctum (Holy Basil) Leaf Extract, Dimethicone, Squalane, Curcuma Longa (Turmeric) Root Extract*, Hordeum Vulgare (Barley) Extract, Helianthus Annuus (Sunflower) Seed Oil*, Garcinia Mangostana Peel Extract, Silybum Marianum Fruit Extract, Magnesium Aluminum Silicate, Saccharomyces Ferment Filtrate, Hypnea Musciformis (Algae) Extract, Laminaria Saccharina Extract, Caprylyl Glycol, Caffeine, Gellidiella Acerosa Extract, Linoleic Acid, Polysorbate 20, Phytosterols, Maltodextrin, Tocotrienols, Squalene, Sodium Hyaluronate, Xanthan Gum, Elaeis Guineensis (Palm) Oil, Sodium Hydroxide, Tocopherol, Phenoxyethanol, Sorbic Acid, Chlorphenesin.",1,1,1,1,1,dr._andrew_weil_for_origins_mega_mushroom_relief_resilience_advanced_face_serum,origins,treatment,origins_dr._andrew_weil_for_origins_mega_mushroom_relief_resilience_advanced_face_serum,,,,,,,,,,"Simmondsia Chinensis (Jojoba) Seed Oil;Glycerin;Olea Europaea (Olive) Fruit Oil;Caprylic/Capric/Myristic/Stearic Triglyceride;Hydrogenated Lecithin;Camelina Sativa Seed Oil;Butyrospermum Parkii (Shea Butter);Mangifera Indica (Mango) Seed Butter;Citrus Aurantium Dulcis (Orange) Oil** Lavandula Angustifolia (Lavender) Oil**;Pogostemon Cablin (Patchouli) Oil**;Citrus Nobilis (Mandarin Orange) Peel Oil**;Pelargonium Graveolens Flower Oil**;Boswellia Carterii (Olibanum) Oil ***;Limonene;Linalool;Citronellol;Geraniol;Citral;Ganoderma Lucidum (Reishi Mushroom) Extract;Fuscoporia Obliqua Sclerotium Extract;Cordyceps Sinensis (Mushroom) Extract;Ergothioneine;Lactobacillus Ferment;Butylene Glycol;Hippophae Rhamnoides Extract*;Zingiber Officinale (Ginger) Root Extract*;Triticum Vulgare (Wheat) Germ Extract;Ocimum Sanctum (Holy Basil) Leaf Extract;Dimethicone;Squalane;Curcuma Longa (Turmeric) Root Extract*;Hordeum Vulgare (Barley) Extract;Helianthus Annuus (Sunflower) Seed Oil*;Garcinia Mangostana Peel Extract;Silybum Marianum Fruit Extract;Magnesium Aluminum Silicate;Saccharomyces Ferment Filtrate;Hypnea Musciformis (Algae) Extract;Laminaria Saccharina Extract;Caprylyl Glycol;Caffeine;Gellidiella Acerosa Extract;Linoleic Acid;Polysorbate 20;Phytosterols;Maltodextrin;Tocotrienols;Squalene;Sodium Hyaluronate;Xanthan Gum;Elaeis Guineensis (Palm) Oil;Sodium Hydroxide;Tocopherol;Phenoxyethanol;Sorbic Acid;Chlorphenesin,",,,,,,,,,,treatment,nan
Treatment,CLINIQUE,Repairwear Laser Focus,50,4.1,"Water , Dimethicone , Butylene Glycol , Methyl Trimethicone , Vinyl Dimethicone/Methicone Silsesquioxane Crosspolymer , Polysorbate 20 , Bis-Peg-18 Methyl Ether Dimethyl Silane , Glycerin , Silica , Polymethylsilsesquioxane , Lauryl Peg-9 Polydimethylsiloxyethyl Dimethicone , Methyl Gluceth-20 , Polysilicone-11 , Sigesbeckia Orientalis (St. Paul'S Wort) Extract , Salvia Sclarea (Clary) Extract , Acetyl Glucosamine , Plankton Extract , Whey Protein/Lactis Protein/Proteine Du Petit-Lait , Sea Whip Extract , Arabidopsis Thaliana Extract , Caffeine , Acetyl Hexapeptide-8 , Glycine Soja (Soybean) Protein , Sodium Hyaluronate , Micrococcus Lysate , Palmitoyl Oligopeptide , Ergothioneine , Aminopropyl Ascorbyl Phosphate , Caprylyl Glycol , Ethylhexylglycerin , Tocopheryl Acetate , Cholesterol , Glyceryl Polymethacrylate , Sodium Hydroxide , Lecithin , Carbomer , Peg-8 , Xanthan Gum , Citric Acid , Disodium Edta , Phenoxyethanol",0,0,0,0,0,repairwear_laser_focus,clinique,treatment,clinique_repairwear_laser_focus,0.0,652.0,10881.0,4.1258,1.0,Treatments,50.0,0.63,5.99,"Dimethicone;Butylene Glycol;Methyl Trimethicone;Vinyl Dimethicone/Methicone Silsesquioxane Crosspolymer;Polysorbate 20;Bis-Peg-18 Methyl Ether Dimethyl Silane;Glycerin;Silica;Polymethylsilsesquioxane;Lauryl Peg-9 Polydimethylsiloxyethyl Dimethicone;Methyl Gluceth-20;Polysilicone-11;Sigesbeckia Orientalis (St, Paul'S Wort) Extract;Salvia Sclarea (Clary) Extract;Acetyl Glucosamine;Plankton Extract;Whey Protein/Lactis Protein/Proteine Du Petit-Lait;Sea Whip Extract;Arabidopsis Thaliana Extract;Caffeine;Acetyl Hexapeptide-8;Glycine Soja (Soybean) Protein;Sodium Hyaluronate;Micrococcus Lysate;Palmitoyl Oligopeptide;Ergothioneine;Aminopropyl Ascorbyl Phosphate;Caprylyl Glycol;Ethylhexylglycerin;Tocopheryl Acetate;Cholesterol;Glyceryl Polymethacrylate;Sodium Hydroxide;Lecithin;Carbomer;Peg-8;Xanthan Gum;Citric Acid;Disodium Edta;Phenoxyethanol",0.0,652.0,10881.0,4.1258,1.0,Treatments,50.0,0.63,5.99,treatment,Medium (7k - 13k)
Treatment,CLINIQUE,Acne Solutions Clear Skin System Starter Kit,28,4.0,"Water , Glycerin , Butylene Glycol , Sodium Methyl Cocoyl Taurate , Sucrose , Disodium Phosphate , Arginine Cocoate , Laminaria Saccharina Extract , Cola Nitida (Kola) Seed Extract , Caffeine , Algae Extract , Mentha Piperita (Peppermint) , Sea Whip Extract , Peg/Ppg-18/18 Dimethicone , Sodium Hyaluronate , Ppg-6 Decyltetradeceth-30 , Lactobacillus Ferment , Stearamidopropyl Dimethylamine , Longifolene , Acetyl Glucosamine , Capryloyl Glycine , Perilla Aldehyde , 10-Hydroxydecanoic Acid , Polyquaternium-7 , Beta-Caryophyllene , Phospholipids , Sodium Stearate , Sodium Salicylate , Disodium Edta , Phenoxyethanol , Chloroxylenol Rds Product Name: Acne Solutions Clarifying Lotion Division: Cl (Clinique)Active Ingredient: Salicylic Acid 1.50%Water , Alcohol Denat. , Nylon-12 , Butylene Glycol , Hamamelis Virginiana (Witch Hazel) , Laminaria Saccharina Extract , Caffeine , Sucrose , Glycerin , Acetyl Glucosamine , Sorbitol , Sea Whip Extract , Barium Sulfate , 10-Hydroxydecanoic Acid , Silica , Disodium Edta , Benzalkonium Chloride Rds Product Name: Acne Solutions Clearing Moisturize Division: Cl (Clinique)Active Ingredient: Benzoyl Peroxide 2.50%Water , Cyclopentasiloxane , Butylene Glycol , Ceteareth-20 , Dimethicone , Sucrose , Camellia Sinensis (Green Tea) Leaf Extract , Hordeum Vulgare (Barley) Extract/Extrait D'Orge , Acetyl Glucosamine , Lactobacillus Ferment , Poria Cocos Sclerotium Extract , Laminaria Saccharina Extract , Polymethyl Methacrylate , Gentiana Lutea (Gentian) Root Extract , Helianthus Annuus (Sunflower) Seedcake , Saccharomyces Lysate Extract , Astrocaryum Murumuru Butter , Acrylamide/Sodium Acryloyldimethyltaurate Copolymer , Myristyl Alcohol , Glycerin , Zeolite , Algae Extract , Linoleic Acid , 10-Hydroxydecanoic Acid , Cucumis Sativus (Cucumber) Fruit Extract , Caffeine , Cholesterol , Tocopheryl Acetate , Bisabolol , Longifolene , Polysorbate 80 , Sodium Hyaluronate , Beta-Caryophyllene , Propylene Glycol Dicaprate , Capryloyl Glycine , Quaternium-22 , Mentha Piperita (Peppermint) , Perilla Aldehyde , Caprylyl Glycol , Isohexadecane , Xanthan Gum , Disodium Edta , Chloroxylenol , Phenoxyethanol , Titanium Dioxide (Ci 77891)",0,0,0,0,0,acne_solutions_clear_skin_system_starter_kit,clinique,treatment,clinique_acne_solutions_clear_skin_system_starter_kit,0.0,1000.0,35986.0,3.9879,,Treatments,,0.4,2.78,"Glycerin;Butylene Glycol;Sodium Methyl Cocoyl Taurate;Sucrose;Disodium Phosphate;Arginine Cocoate;Laminaria Saccharina Extract;Cola Nitida (Kola) Seed Extract;Caffeine;Algae Extract;Mentha Piperita (Peppermint);Sea Whip Extract;Peg/Ppg-18/18 Dimethicone;Sodium Hyaluronate;Ppg-6 Decyltetradeceth-30;Lactobacillus Ferment;Stearamidopropyl Dimethylamine;Longifolene;Acetyl Glucosamine;Capryloyl Glycine;Perilla Aldehyde;10-Hydroxydecanoic Acid;Polyquaternium-7;Beta-Caryophyllene;Phospholipids;Sodium Stearate;Sodium Salicylate;Disodium Edta;Phenoxyethanol;Chloroxylenol Rds Product Name: Acne Solutions Clarifying Lotion Division: Cl (Clinique)Active Ingredient: Salicylic Acid 1,50%Water;Alcohol Denat,;Nylon-12;Butylene Glycol;Hamamelis Virginiana (Witch Hazel);Laminaria Saccharina Extract;Caffeine;Sucrose;Glycerin;Acetyl Glucosamine;Sorbitol;Sea Whip Extract;Barium Sulfate;10-Hydroxydecanoic Acid;Silica;Disodium Edta;Benzalkonium Chloride Rds Product Name: Acne Solutions Clearing Moisturize Division: Cl (Clinique)Active Ingredient: Benzoyl Peroxide 2,50%Water;Cyclopentasiloxane;Butylene Glycol;Ceteareth-20;Dimethicone;Sucrose;Camellia Sinensis (Green Tea) Leaf Extract;Hordeum Vulgare (Barley) Extract/Extrait D'Orge;Acetyl Glucosamine;Lactobacillus Ferment;Poria Cocos Sclerotium Extract;Laminaria Saccharina Extract;Polymethyl Methacrylate;Gentiana Lutea (Gentian) Root Extract;Helianthus Annuus (Sunflower) Seedcake;Saccharomyces Lysate Extract;Astrocaryum Murumuru Butter;Acrylamide/Sodium Acryloyldimethyltaurate Copolymer;Myristyl Alcohol;Glycerin;Zeolite;Algae Extract;Linoleic Acid;10-Hydroxydecanoic Acid;Cucumis Sativus (Cucumber) Fruit Extract;Caffeine;Cholesterol;Tocopheryl Acetate;Bisabolol;Longifolene;Polysorbate 80;Sodium Hyaluronate;Beta-Caryophyllene;Propylene Glycol Dicaprate;Capryloyl Glycine;Quaternium-22;Mentha Piperita (Peppermint);Perilla Aldehyde;Caprylyl Glycol;Isohexadecane;Xanthan Gum;Disodium Edta;Chloroxylenol;Phenoxyethanol;Titanium Dioxide (Ci 77891)",0.0,1000.0,35986.0,3.9879,,Treatments,,0.4,2.78,treatment,Very High (26k - 193k)
Treatment,PERRICONE MD,Essential Fx Acyl-Glutathione Deep Crease Serum,179,4.6,"Water, Propanediol, Squalane, Hydrogenated Polyisobutene, S-Palmitoylglutathione, Dimethicone, Glycerin, Macadamia Ternifolia Seed Oil, Xylitylglucoside, Tetrahexyldecyl Ascorbate, Dimethyl MEA, Palmitoyl Tripeptide-5, Acetyl Hexapeptide-8, Anhydroxylitol, Lactic Acid, Xylitol, Xanthan Gum, Linum Usitatissimum (Linseed) Seed Oil, Salvia Hispanica Seed Oil, Tocopherol, Ethylhexylglycerin, Magnesium Aspartate, Zinc Gluconate, Alaria Esculenta Extract, Glucose, Sodium Hyaluronate, Copper Gluconate, Tetradecyl Aminobutyroylvalylaminobutyric Urea Trifluoroacetate, Palmitoyl Dipeptide-5 Diaminobutyroyl Hydroxythreonine, Helianthus Annuus (Sunflower) Seed Oil, Rosmarinus Officinalis (Rosemary) Leaf Extract, Tetrasodium Glutamate Diacetate, Magnesium Chloride, Caprylic/Capric Triglyceride, Acrylates/C10-30 Alkyl Acrylate Crosspolymer, Caprylyl/Capryl Glucoside, Caprylyl Glycol, Potassium Sorbate, Phenoxyethanol, Fragrance, Citronellol, Hydroxycitronellal, Limonene, Linalool.",1,1,1,1,1,essential_fx_acyl_glutathione_deep_crease_serum,perricone_md,treatment,perricone_md_essential_fx_acyl_glutathione_deep_crease_serum,0.0,149.0,797.0,4.5906,1.0,Treatments,179.0,3.08,18.7,"Propanediol;Squalane;Hydrogenated Polyisobutene;S-Palmitoylglutathione;Dimethicone;Glycerin;Macadamia Ternifolia Seed Oil;Xylitylglucoside;Tetrahexyldecyl Ascorbate;Dimethyl MEA;Palmitoyl Tripeptide-5;Acetyl Hexapeptide-8;Anhydroxylitol;Lactic Acid;Xylitol;Xanthan Gum;Linum Usitatissimum (Linseed) Seed Oil;Salvia Hispanica Seed Oil;Tocopherol;Ethylhexylglycerin;Magnesium Aspartate;Zinc Gluconate;Alaria Esculenta Extract;Glucose;Sodium Hyaluronate;Copper Gluconate;Tetradecyl Aminobutyroylvalylaminobutyric Urea Trifluoroacetate;Palmitoyl Dipeptide-5 Diaminobutyroyl Hydroxythreonine;Helianthus Annuus (Sunflower) Seed Oil;Rosmarinus Officinalis (Rosemary) Leaf Extract;Tetrasodium Glutamate Diacetate;Magnesium Chloride;Caprylic/Capric Triglyceride;Acrylates/C10-30 Alkyl Acrylate Crosspolymer;Caprylyl/Capryl Glucoside;Caprylyl Glycol;Potassium Sorbate;Phenoxyethanol;Fragrance;Citronellol;Hydroxycitronellal;Limonene;Linalool,",0.0,149.0,797.0,4.5906,1.0,Treatments,179.0,3.08,18.7,treatment,Very Low (0 - 3k)
Treatment,DIOR,Hydra Life Deep Hydration Sorbet Water Essence,73,4.6,-Haberlea Leaf Extract: Supports the natural production of ingredients essential to its beauty. -French Mallow: Supports natural aquaporin synthesis to invigorate water circulation. -Natural Fruit Extracts.,1,0,1,1,0,hydra_life_deep_hydration_sorbet_water_essence,dior,treatment,dior_hydra_life_deep_hydration_sorbet_water_essence,0.0,22.0,3550.0,4.5455,1.3,Treatments,56.15,20.66,0.62,"-Haberlea Leaf Extract: Supports the natural production of ingredients essential to its beauty, -French Mallow: Supports natural aquaporin synthesis to invigorate water circulation, -Natural Fruit Extracts,",0.0,22.0,3550.0,4.5455,1.3,Treatments,56.15,20.66,0.62,treatment,Low (3k - 7k)
Treatment,TARTE,Mermaid Skin™ Hyaluronic H2O Serum,42,4.0,"Water, Hydroxyethylcellulose, Sodium Hyaluronate, Disodium EDTA, Sodium Nitrate, Algae Extract, Calcium Pantothenate, Glycerin, Phenoxyethanol.",0,0,0,0,0,mermaid_skin_hyaluronic_h2o_serum,tarte,treatment,tarte_mermaid_skin_hyaluronic_h2o_serum,,,,,,,,,,"Hydroxyethylcellulose;Sodium Hyaluronate;Disodium EDTA;Sodium Nitrate;Algae Extract;Calcium Pantothenate;Glycerin;Phenoxyethanol,",0.0,213.0,14749.0,3.9859,1.7,,24.71,1.87,1.44,treatment,nan
Treatment,MURAD,Advanced Acne & Wrinkle Reducer,52,4.0,"Water, Dimethicone, Glycerin, PPG-26-Buteth-26, Hydroxyethyl Acrylate/Sodium Acryloyldimethyl Taurate Copolymer, Urea, Yeast Amino Acids, Trehalose, Inositol, Taurine, Betaine, Ethylhexyl Palmitate, Silica Dimethyl Silylate, Butylene Glycol, Sodium Hyaluronate, Tocopheryl Acetate, Sulfur, Retinyl Palmitate, Caprylic/Capric Triglyceride, Retinol, Ascorbic Acid, Chitosan, Silver Citrate, Glucosamine HCl, Algae Extract, Yeast Extract, Saccharomyces/Xylinum/Black Tea Ferment, Hydroxyethylcellulose, Bupleurum Falcatum Root Extract, Caffeine, Coenzyme A, PEG-8, Cetearyl Olivate, Sorbitan Olivate, Citrullus Lanatus (Watermelon) Fruit Extract, Pyrus Malus (Apple) Fruit Extract, Lens Esculenta (Lentil) Fruit Extract, Sodium PCA, Sodium Lactate, Glycolic Acid, Zinc Gluconate, Macrocystis Pyrifera Extract, Hydrolyzed Wheat Protein, PVP, Hydrolyzed Ceratonia Siliqua Seed Extract, Cimicifuga Racemosa Root Extract, Melaleuca Alternifolia (Tea Tree) Leaf Oil, Vinyl Dimethicone/Methicone Silsesquioxane Crosspolymer, Polymethylsilsesquioxane, Glyceryl Stearate, Cocamidopropyl Dimethylamine, Zea Mays (Corn) Starch, Hydrolyzed Corn Starch, Hydrolyzed Corn Starch Octenylsuccinate, Cetyl Alcohol, Xanthan Gum, Citric Acid, Disodium EDTA, Propyl Gallate, Polysorbate 80, PEG-40 Hydrogenated Castor Oil, Sodium Hydroxide, Phenoxyethanol, Caprylyl Glycol, Chlorphenesin, Citronellol, Geraniol, Limonene, Linalool, Fragrance.",0,0,0,0,0,advanced_acne_wrinkle_reducer,murad,treatment,murad_advanced_acne_wrinkle_reducer,0.0,64.0,6729.0,4.0938,1.0,Treatments,54.0,6.4,0.95,"Dimethicone;Glycerin;PPG-26-Buteth-26;Hydroxyethyl Acrylate/Sodium Acryloyldimethyl Taurate Copolymer;Urea;Yeast Amino Acids;Trehalose;Inositol;Taurine;Betaine;Ethylhexyl Palmitate;Silica Dimethyl Silylate;Butylene Glycol;Sodium Hyaluronate;Tocopheryl Acetate;Sulfur;Retinyl Palmitate;Caprylic/Capric Triglyceride;Retinol;Ascorbic Acid;Chitosan;Silver Citrate;Glucosamine HCl;Algae Extract;Yeast Extract;Saccharomyces/Xylinum/Black Tea Ferment;Hydroxyethylcellulose;Bupleurum Falcatum Root Extract;Caffeine;Coenzyme A;PEG-8;Cetearyl Olivate;Sorbitan Olivate;Citrullus Lanatus (Watermelon) Fruit Extract;Pyrus Malus (Apple) Fruit Extract;Lens Esculenta (Lentil) Fruit Extract;Sodium PCA;Sodium Lactate;Glycolic Acid;Zinc Gluconate;Macrocystis Pyrifera Extract;Hydrolyzed Wheat Protein;PVP;Hydrolyzed Ceratonia Siliqua Seed Extract;Cimicifuga Racemosa Root Extract;Melaleuca Alternifolia (Tea Tree) Leaf Oil;Vinyl Dimethicone/Methicone Silsesquioxane Crosspolymer;Polymethylsilsesquioxane;Glyceryl Stearate;Cocamidopropyl Dimethylamine;Zea Mays (Corn) Starch;Hydrolyzed Corn Starch;Hydrolyzed Corn Starch Octenylsuccinate;Cetyl Alcohol;Xanthan Gum;Citric Acid;Disodium EDTA;Propyl Gallate;Polysorbate 80;PEG-40 Hydrogenated Castor Oil;Sodium Hydroxide;Phenoxyethanol;Caprylyl Glycol;Chlorphenesin;Citronellol;Geraniol;Limonene;Linalool;Fragrance,",0.0,64.0,6729.0,4.0938,1.0,Treatments,54.0,6.4,0.95,treatment,Low (3k - 7k)
Treatment,PETER THOMAS ROTH,AHA/BHA Acne Clearing Gel,54,0.0,"Alcohol Denat.,Aloe Barbadensis Leaf Juice, Arginine, Arnica Montana Flower Extract, Bht, Butylene Glycol, Butylparaben, Citric Acid, Cyclopentasiloxane, Denatonium Benzoate, Diazolidinyl Urea, Disodium Phosphate, Ethylparaben, Glycerin, Glycolic Acid, Glycyrrhiza Glabra (Licorice) Root Extract, Glyoxal, Helianthus Annuus(Sunflower) Seed Oil, Hydroxyethylcellulose, Isobutylparben, Methylparaben, Phenoxyethanol, Polysorbate 60, Potassium Sorbate, Propylene Glycol, Propylparaben, Retinyl Palmitate, Sodium Benzoate, Sodium Hydroxide, Sodium Nitrate, Sodium Phosphate, T-Butyl Alcohol, Water.",0,0,0,0,0,aha_bha_acne_clearing_gel,peter_thomas_roth,treatment,peter_thomas_roth_aha_bha_acne_clearing_gel,0.0,571.0,14712.0,4.3047,3.4,Treatments,15.88,0.75,3.88,"Alcohol Denat,;Aloe Barbadensis Leaf Juice;Arginine;Arnica Montana Flower Extract;Bht;Butylene Glycol;Butylparaben;Citric Acid;Cyclopentasiloxane;Denatonium Benzoate;Diazolidinyl Urea;Disodium Phosphate;Ethylparaben;Glycerin;Glycolic Acid;Glycyrrhiza Glabra (Licorice) Root Extract;Glyoxal;Helianthus Annuus(Sunflower) Seed Oil;Hydroxyethylcellulose;Isobutylparben;Methylparaben;Phenoxyethanol;Polysorbate 60;Potassium Sorbate;Propylene Glycol;Propylparaben;Retinyl Palmitate;Sodium Benzoate;Sodium Hydroxide;Sodium Nitrate;Sodium Phosphate;T-Butyl Alcohol;Water,",0.0,571.0,14712.0,4.3047,3.4,Treatments,15.88,0.75,3.88,treatment,High (13k - 26k)
Treatment,SHISEIDO,Bio-Performance LiftDynamic Serum,98,3.9,"Water, Dimethicone, Butylene Glycol, Glycerin, Dimethicone Crosspolymer, Dipropylene Glycol, Xylitol, Polysorbate 20, Ammonium Acryloyldimethyltaurate/Vp Copolymer, Peg-10 Dimethicone, Talc, Phenoxyethanol, Peg-150, Polyvinyl Alcohol, Silica, Alumina, Titanium Dioxide (CI 77891), Mica, Trisodium Edta, Tocopheryl Acetate, Sodium Citrate, Fragrance, Sodium Metaphosphate, Potassium Hydroxide, Citric Acid, Sodium Metabisulfite, Limonene, Inositol, Hexyl Cinnamal, Iron Oxides (CI 77492), Benzyl Benzoate, Butylphenyl Methylpropional, Linalool, Saccharomyces Ferment Lysate Filtrate, Sodium Acetylated Hyaluronate, Alpha-Isomethyl Ionone, Thymus Serpillum Extract, Iron Oxides (Ci 77491), Citronellol, Geraniol, Carthamus Tinctorius (Safflower) Flower Extract, Rosmarinus Officinalis (Rosemary) Leaf Extract (Rosmarinus Officinalis Leaf Extract), Tocopherol.",0,0,0,0,0,bio_performance_liftdynamic_serum,shiseido,treatment,shiseido_bio_performance_liftdynamic_serum,0.0,8.0,1663.0,3.875,1.0,Treatments,100.0,48.44,0.48,"Dimethicone;Butylene Glycol;Glycerin;Dimethicone Crosspolymer;Dipropylene Glycol;Xylitol;Polysorbate 20;Ammonium Acryloyldimethyltaurate/Vp Copolymer;Peg-10 Dimethicone;Talc;Phenoxyethanol;Peg-150;Polyvinyl Alcohol;Silica;Alumina;Titanium Dioxide (CI 77891);Mica;Trisodium Edta;Tocopheryl Acetate;Sodium Citrate;Fragrance;Sodium Metaphosphate;Potassium Hydroxide;Citric Acid;Sodium Metabisulfite;Limonene;Inositol;Hexyl Cinnamal;Iron Oxides (CI 77492);Benzyl Benzoate;Butylphenyl Methylpropional;Linalool;Saccharomyces Ferment Lysate Filtrate;Sodium Acetylated Hyaluronate;Alpha-Isomethyl Ionone;Thymus Serpillum Extract;Iron Oxides (Ci 77491);Citronellol;Geraniol;Carthamus Tinctorius (Safflower) Flower Extract;Rosmarinus Officinalis (Rosemary) Leaf Extract (Rosmarinus Officinalis Leaf Extract);Tocopherol,",0.0,8.0,1663.0,3.875,1.0,Treatments,100.0,48.44,0.48,treatment,Very Low (0 - 3k)
Treatment,MURAD,Acne Body Wash,40,4.1,"Water (Aqua), Sodium C14-16 Olefin Sulfonate, Polyethylene, Glycerin, Cocamidopropyl Betaine, Acrylates Copolymer, PEG-200 Hydrogenated Glyceryl Palmate, Retinyl Palmitate, Phoenix Dactylifera (Date) Seed, Dipotassium Glycyrrhizate, Butylene Glycol, Camellia Oleifera Leaf Extract, Tocopheryl Acetate, Sodium PCA , Proline, Sodium Lactate, Sorbitol, Zinc Gluconate, Ascorbic Acid, Chitosan, Propyl Gallate, Glycolic Acid, Sodium Hydroxide, Hydrogen Peroxide, Menthol, PEG-7 Glyceryl Cocoate, Disodium EDTA, Chlorphenesin, Methylisothiazolinone, Benzyl Salicylate, Hexyl Cinnamal, Butylphenyl Methylpropional, Fragrance, Blue 1 (CI 42090), Ext. Violet 2 (CI 60730).",0,0,0,0,0,acne_body_wash,murad,treatment,murad_acne_body_wash,0.0,327.0,14397.0,4.1346,8.5,Treatments,5.06,1.26,2.27,"Water (Aqua);Sodium C14-16 Olefin Sulfonate;Polyethylene;Glycerin;Cocamidopropyl Betaine;Acrylates Copolymer;PEG-200 Hydrogenated Glyceryl Palmate;Retinyl Palmitate;Phoenix Dactylifera (Date) Seed;Dipotassium Glycyrrhizate;Butylene Glycol;Camellia Oleifera Leaf Extract;Tocopheryl Acetate;Sodium PCA;Proline;Sodium Lactate;Sorbitol;Zinc Gluconate;Ascorbic Acid;Chitosan;Propyl Gallate;Glycolic Acid;Sodium Hydroxide;Hydrogen Peroxide;Menthol;PEG-7 Glyceryl Cocoate;Disodium EDTA;Chlorphenesin;Methylisothiazolinone;Benzyl Salicylate;Hexyl Cinnamal;Butylphenyl Methylpropional;Fragrance;Blue 1 (CI 42090);Ext, Violet 2 (CI 60730),",0.0,327.0,14397.0,4.1346,8.5,Treatments,5.06,1.26,2.27,treatment,High (13k - 26k)
Treatment,DR. DENNIS GROSS SKINCARE,Doctor's Kit Gold Standard Anti-Aging Solution,59,5.0,Visit the Dr. Dennis Gross Skincare boutique,1,1,1,1,1,doctor's_kit_gold_standard_anti_aging_solution,dr._dennis_gross_skincare,treatment,dr._dennis_gross_skincare_doctor's_kit_gold_standard_anti_aging_solution,0.0,14.0,3514.0,4.9286,,Treatments,,35.2,0.4,"Visit the Dr, Dennis Gross Skincare boutique",0.0,14.0,3514.0,4.9286,,Treatments,,35.2,0.4,treatment,Low (3k - 7k)
Treatment,KIEHL'S SINCE 1851,Nightly Refining Micro-Peel Concentrate,60,4.3,"Water, Alcohol Denat., Hydroxyethylpiperazine Ethane Sulfonic Acid, Hydroxyethyl Urea, Sodium Citrate, Vaccinium Myrtillus Fruit Extract, Sodium Hydroxide, Chenopodium Quinoa Seed Extract, Sugar Cane Extract, Glycerin, Propanediol, Phytic Acid, Carrageenan, Phenoxyethanol, Orange Fruit Water, Lemon Fruit Extract, Disodium Edta, Sugar Maple Extract, Hydrolyzed Opuntia Ficus-Indica Flower Extract, Potassium Sorbate, Aloe Barbadensis Leaf Juice Powder, Adenosine, Ethylhexylglycerin, Orange Juice, Sodium Benzoate, Ascorbyl Glucoside.",1,1,1,1,1,nightly_refining_micro_peel_concentrate,kiehl's_since_1851,treatment,kiehl's_since_1851_nightly_refining_micro_peel_concentrate,0.0,28.0,3774.0,4.3571,1.0,Treatments,60.0,15.56,0.74,"Alcohol Denat,;Hydroxyethylpiperazine Ethane Sulfonic Acid;Hydroxyethyl Urea;Sodium Citrate;Vaccinium Myrtillus Fruit Extract;Sodium Hydroxide;Chenopodium Quinoa Seed Extract;Sugar Cane Extract;Glycerin;Propanediol;Phytic Acid;Carrageenan;Phenoxyethanol;Orange Fruit Water;Lemon Fruit Extract;Disodium Edta;Sugar Maple Extract;Hydrolyzed Opuntia Ficus-Indica Flower Extract;Potassium Sorbate;Aloe Barbadensis Leaf Juice Powder;Adenosine;Ethylhexylglycerin;Orange Juice;Sodium Benzoate;Ascorbyl Glucoside,",0.0,28.0,3774.0,4.3571,1.0,Treatments,60.0,15.56,0.74,treatment,Low (3k - 7k)
Treatment,KIEHL'S SINCE 1851,Blue Herbal Spot Treatment,18,4.4,"Water, Alcohol Denat., Glycerin, Butylene Glycol, Methyl Methacrylate Crosspolymer, Ammonium Polyacryloyldimethyl Taurate, Perlite, Nylon-12, Dipropylene Glycol, Xanthan Gum, Peumus Boldus Leaf Extract, Boswellia Serrata Extract, Hamamelis Virginiana (Witch Hazel) Water, T-Butyl Alcohol, Camphor, Menthol, Zingiber Officinale (Ginger) Root Extract, Sanguisorba Officinalis Root Extract, Cinnamomum Cassia Bark Extract, Phenoxyethanol, Cinnamal, Laminaria Saccharina Extract, Zinc Sulfate, Pyridoxine HCL, Sodium Hydroxide, Citric Acid.",1,0,0,1,0,blue_herbal_spot_treatment,kiehl's_since_1851,treatment,kiehl's_since_1851_blue_herbal_spot_treatment,0.0,50.0,8373.0,4.14,0.5,Treatments,36.0,8.28,0.6,"Alcohol Denat,;Glycerin;Butylene Glycol;Methyl Methacrylate Crosspolymer;Ammonium Polyacryloyldimethyl Taurate;Perlite;Nylon-12;Dipropylene Glycol;Xanthan Gum;Peumus Boldus Leaf Extract;Boswellia Serrata Extract;Hamamelis Virginiana (Witch Hazel) Water;T-Butyl Alcohol;Camphor;Menthol;Zingiber Officinale (Ginger) Root Extract;Sanguisorba Officinalis Root Extract;Cinnamomum Cassia Bark Extract;Phenoxyethanol;Cinnamal;Laminaria Saccharina Extract;Zinc Sulfate;Pyridoxine HCL;Sodium Hydroxide;Citric Acid,",0.0,50.0,8373.0,4.14,0.5,Treatments,36.0,8.28,0.6,treatment,Medium (7k - 13k)
Treatment,ORIGINS,Dr. Andrew Weil For Origins™ Mega-Bright Dark Spot Correcting Serum,59,3.7,"Water, Dimethicone, Isododecane, Cyclopentasiloxane, Polysilicone-11, Butylene Glycol, Ascorbyl Glucoside, Peg-10 Dimethicone, Citrus Aurantium Dulcis (Orange) Peel Oil*, Pelargonium Graveolens Oil*, Cananga Odorata Flower Oil*, Eugenia Caryophyllus (Clove) Bud Oil*, Rosa Damascena Flower Oil*, Jasminum Officinale (Jasmine) Oil*, Viola Odorata Flower/Leaf Extract, Polianthes Tuberosa Extract, Citronellol, Geraniol, Benzyl Benzoate, Eugenol, Peg-6, Rosa Roxburghii Fruit Extract, Paeonia Albiflora (Peony) Root Extract, Gentiana Lutea (Gentian) Root Extract, Hordeum Vulgare (Barley) Extract/Extrait D'Orge, Triticum Vulgare (Wheat) Germ Extract, Hydrolyzed Rice Bran Extract, Algae Extract, Salicylic Acid, Cholesterol, Glycerin, Solanum Lycopersicum (Tomato) Fruit/Leaf/Stem Extract, Molasses Extract/Saccharum Officinarum/Extrait De Melasse, Squalane, Hydroxyethyl Acrylate/Sodium Acryloyldimethyl Taurate Copolymer, Polysorbate 20, Hordeum Distichon (Barley) Extract/Extrait D'Orge � Deux Rangs, Polygonum Cuspidatum Root Extract, Laminaria Digitata Extract, Tocopheryl Acetate, Caprylyl Glycol, Sodium Hyaluronate, Tetrahexyldecyl Ascorbate, Dipotassium Glycyrrhizate, Di-C12-18 Alkyl Dimonium Chloride, Tromethamine, Polysorbate 60, Ammonium Acryloyldimethyltaurate/Vp Copolymer, Glycyrrhetinic Acid, Sodium Hydroxide, Hexylene Glycol, Silica, Phenoxyethanol, Titanium Dioxide (Ci 77891), Mica * Essential Oil Please be aware that ingredient lists may change or vary from time to time.� Please refer to the ingredient list on the product package you receive for the most up to date list of ingredients.",1,1,1,1,1,dr._andrew_weil_for_origins_mega_bright_dark_spot_correcting_serum,origins,treatment,origins_dr._andrew_weil_for_origins_mega_bright_dark_spot_correcting_serum,,,,,,,,,,"Dimethicone;Isododecane;Cyclopentasiloxane;Polysilicone-11;Butylene Glycol;Ascorbyl Glucoside;Peg-10 Dimethicone;Citrus Aurantium Dulcis (Orange) Peel Oil*;Pelargonium Graveolens Oil*;Cananga Odorata Flower Oil*;Eugenia Caryophyllus (Clove) Bud Oil*;Rosa Damascena Flower Oil*;Jasminum Officinale (Jasmine) Oil*;Viola Odorata Flower/Leaf Extract;Polianthes Tuberosa Extract;Citronellol;Geraniol;Benzyl Benzoate;Eugenol;Peg-6;Rosa Roxburghii Fruit Extract;Paeonia Albiflora (Peony) Root Extract;Gentiana Lutea (Gentian) Root Extract;Hordeum Vulgare (Barley) Extract/Extrait D'Orge;Triticum Vulgare (Wheat) Germ Extract;Hydrolyzed Rice Bran Extract;Algae Extract;Salicylic Acid;Cholesterol;Glycerin;Solanum Lycopersicum (Tomato) Fruit/Leaf/Stem Extract;Molasses Extract/Saccharum Officinarum/Extrait De Melasse;Squalane;Hydroxyethyl Acrylate/Sodium Acryloyldimethyl Taurate Copolymer;Polysorbate 20;Hordeum Distichon (Barley) Extract/Extrait D'Orge � Deux Rangs;Polygonum Cuspidatum Root Extract;Laminaria Digitata Extract;Tocopheryl Acetate;Caprylyl Glycol;Sodium Hyaluronate;Tetrahexyldecyl Ascorbate;Dipotassium Glycyrrhizate;Di-C12-18 Alkyl Dimonium Chloride;Tromethamine;Polysorbate 60;Ammonium Acryloyldimethyltaurate/Vp Copolymer;Glycyrrhetinic Acid;Sodium Hydroxide;Hexylene Glycol;Silica;Phenoxyethanol;Titanium Dioxide (Ci 77891);Mica * Essential Oil Please be aware that ingredient lists may change or vary from time to time,� Please refer to the ingredient list on the product package you receive for the most up to date list of ingredients,",1.0,129.0,4887.0,3.1938,0.5,,92.0,2.48,2.64,treatment,nan
Treatment,MURAD,Pure Skin® Clarifying Dietary Supplement,50,4.1,"Vitamin A, Vitamin C, Vitamin E, Vitamin B1, Vitamin B2, Niacin, Vitamin B6, Biotin, Pantothenic Acid, Calcium, Magnesium, Zinc, Selenium, Chromium, L-Lysine HCI, L-Proline, Burdock (Arctium lapp) 4:1 Root Extract, Yellow Dock (Rumex crispus L.) 4:1 Root Extract, Horsetail (Equisetum arvense L.) 6:1 Shoot Extract, Grape (Vitis vinifera L.) Seed Extract Other Ingredients: dl-Alpha Tocopheryl Acetate, Microcrystalline Cellulose, Calcium Ascorbate, Magnesium Oxide, Caramel Color, Stearic Acid, Ascorbic Acid, Croscarmellose Sodium, Zinc Glycinate Chelate, Pyridoxine HCl, Niacin, Magnesium Stearate, Selenomethionine, Silicon Dioxide, d-Calcium Pantothenate, Biotin, Thiamine HCl, Riboflavin, Beta Carotene, Vitamin A Palmitate, Dicalcium Phosphate, Chromium Polynicotinate, Chromium Picolinate.",1,0,0,1,0,pure_skin_clarifying_dietary_supplement,murad,treatment,murad_pure_skin_clarifying_dietary_supplement,,,,,,,,,,"Vitamin A;Vitamin C;Vitamin E;Vitamin B1;Vitamin B2;Niacin;Vitamin B6;Biotin;Pantothenic Acid;Calcium;Magnesium;Zinc;Selenium;Chromium;L-Lysine HCI;L-Proline;Burdock (Arctium lapp) 4:1 Root Extract;Yellow Dock (Rumex crispus L,) 4:1 Root Extract;Horsetail (Equisetum arvense L,) 6:1 Shoot Extract;Grape (Vitis vinifera L,) Seed Extract Other Ingredients: dl-Alpha Tocopheryl Acetate;Microcrystalline Cellulose;Calcium Ascorbate;Magnesium Oxide;Caramel Color;Stearic Acid;Ascorbic Acid;Croscarmellose Sodium;Zinc Glycinate Chelate;Pyridoxine HCl;Niacin;Magnesium Stearate;Selenomethionine;Silicon Dioxide;d-Calcium Pantothenate;Biotin;Thiamine HCl;Riboflavin;Beta Carotene;Vitamin A Palmitate;Dicalcium Phosphate;Chromium Polynicotinate;Chromium Picolinate,",0.0,498.0,11164.0,4.1104,,,,0.83,4.46,treatment,nan
Treatment,CAUDALIE,Glycolic Peel,39,4.2,"Water, Glycerin*, Isononyl Isononanoate, Sorbitan Stearate*, Glyceryl Stearate Se*, Glycolic Acid, Cetyl Palmitate*, Cetearyl Alcohol*, Vitis Vinifera (Grape) Seed Oil*, Hydroxyethyl Acrylate/Sodium Acryloyldimethyl Taurate Copolymer, Panthenol, Squalane*, Cetyl Alcohol*, Dimethicone, Sodium Hydroxide, Ci 77891 (Titanium Dioxide), Bisabolol*, Fragrance, Benzyl Alcohol, Polysorbate 60*, Sodium Pca*, Caprylyl Glycol, Arginine, Palmitoyl Grapevine Shoot Extract*, Tocopherol*, Carbomer, Dehydroacetic Acid, Sodium Phytate*, Papain*, Acrylates/C10-30 Alkyl Acrylate Crosspolymer, 1,2-Hexanediol, Algin. *Plant origin.",1,1,1,1,1,glycolic_peel,caudalie,treatment,caudalie_glycolic_peel,1.0,128.0,15780.0,4.2187,2.5,Treatments,15.6,3.3,0.81,"Glycerin*;Isononyl Isononanoate;Sorbitan Stearate*;Glyceryl Stearate Se*;Glycolic Acid;Cetyl Palmitate*;Cetearyl Alcohol*;Vitis Vinifera (Grape) Seed Oil*;Hydroxyethyl Acrylate/Sodium Acryloyldimethyl Taurate Copolymer;Panthenol;Squalane*;Cetyl Alcohol*;Dimethicone;Sodium Hydroxide;Ci 77891 (Titanium Dioxide);Bisabolol*;Fragrance;Benzyl Alcohol;Polysorbate 60*;Sodium Pca*;Caprylyl Glycol;Arginine;Palmitoyl Grapevine Shoot Extract*;Tocopherol*;Carbomer;Dehydroacetic Acid;Sodium Phytate*;Papain*;Acrylates/C10-30 Alkyl Acrylate Crosspolymer;1,2-Hexanediol;Algin, *Plant origin,",1.0,128.0,15780.0,4.2187,2.5,Treatments,15.6,3.3,0.81,treatment,High (13k - 26k)
Treatment,KORRES,Golden Krocus Ageless Saffron Elixir Serum,98,4.1,"Water, Alcohol Denat.,Pentylene Glycol, Glycerin, Polyglyceryl-5 Laurate, Propanediol, Alpha-Isomethyl Ionone, Avena Sativa (Oat) Kernel Extract, Benzyl Alcohol, Benzyl Salicylate, Caprylyl Glycol, Ci77891/Titanium Dioxide, Citral, Copper Lysinate/Prolinate, Crocus Sativus Stigma Extract, Glyceryl Acrylate/Acrylic Acid Copolymer, Hexapeptide-11, Hydrolyzed Sodium Hyaluronate, Lactic Acid, Limonene, Linalool, Lonicera Caprifolium (Honeysuckle) Flower Extract, Lonicera Japonica (Honeysuckle) Flower Extract, Methylglucoside Phosphate, Mica, Fragrance, Phenoxyethanol, Polyacrylate Crosspolymer-6, Sodium Benzoate, Sodium Carboxymethyl Beta-Glucan, Sodium Hyaluronate, Tamarindus Indica Seed Gum, Xanthan Gum.",1,1,1,1,1,golden_krocus_ageless_saffron_elixir_serum,korres,treatment,korres_golden_krocus_ageless_saffron_elixir_serum,1.0,341.0,10539.0,4.0557,1.01,Treatments,97.03,1.19,3.24,"Alcohol Denat,;Pentylene Glycol;Glycerin;Polyglyceryl-5 Laurate;Propanediol;Alpha-Isomethyl Ionone;Avena Sativa (Oat) Kernel Extract;Benzyl Alcohol;Benzyl Salicylate;Caprylyl Glycol;Ci77891/Titanium Dioxide;Citral;Copper Lysinate/Prolinate;Crocus Sativus Stigma Extract;Glyceryl Acrylate/Acrylic Acid Copolymer;Hexapeptide-11;Hydrolyzed Sodium Hyaluronate;Lactic Acid;Limonene;Linalool;Lonicera Caprifolium (Honeysuckle) Flower Extract;Lonicera Japonica (Honeysuckle) Flower Extract;Methylglucoside Phosphate;Mica;Fragrance;Phenoxyethanol;Polyacrylate Crosspolymer-6;Sodium Benzoate;Sodium Carboxymethyl Beta-Glucan;Sodium Hyaluronate;Tamarindus Indica Seed Gum;Xanthan Gum,",1.0,341.0,10539.0,4.0557,1.01,Treatments,97.03,1.19,3.24,treatment,Medium (7k - 13k)
Treatment,PETER THOMAS ROTH,20% Glycolic Solutions Jumbo Peel Swab,48,4.3,"Water, Glycolic Acid, Potassium Hydroxide, Propanediol, Sea Water, Niacinamide, 1,2-Hexanediol, Hydrolyzed Collagen, Hydrolyzed Elastin, Sodium Hyaluronate, Adenosine, Allantoin, Citric Acid, Disodium EDTA.",1,1,1,1,1,20_glycolic_solutions_jumbo_peel_swab,peter_thomas_roth,treatment,peter_thomas_roth_20_glycolic_solutions_jumbo_peel_swab,,,,,,,,,,"Glycolic Acid;Potassium Hydroxide;Propanediol;Sea Water;Niacinamide;1,2-Hexanediol;Hydrolyzed Collagen;Hydrolyzed Elastin;Sodium Hyaluronate;Adenosine;Allantoin;Citric Acid;Disodium EDTA,",,,,,,,,,,treatment,nan
Treatment,BELIF,Peat Miracle Revital Serum Concentrate,60,4.5,"Water, Peat Extract (20%), Dipropylene Glycol, Alcohol Denat., Glycerin, Methyl Gluceth-20, Butylene Glycol, Lactobacillus/Soybean Ferment Extract, 1,2-Hexanediol, PEG-150, Aminobutyric Acid, Rosa Damascena Flower Extract*, Althaea Officinalis Root Extract*, Spiraea Ulmaria Flower Extract*, Viola Tricolor Extract*, Alchemilla Vulgaris Leaf Extract*, Nepeta Cataria Extract+, Avena Sativa (Oat) Kernel Extract+, Rubus Idaeus (Raspberry) Leaf Extract+, Calendula Officinalis Flower Extract+, Stellaria Media (Chickweed) Extract+, Baptisia Tinctoria Root Extract+, Glycyrrhiza Glabra (Licorice) Root Extract**, Achillea Millefolium Flower Extract**, Euphrasia Officinalis Extract**, Aesculus Hippocastanum (Horse Chestnut) Leaf Extract**, Rhodiola Rosea Root Extract**, Vaccinium Myrtillus Fruit Extract**, Equisetum Arvense Leaf Extract**, Sodium Hyaluronate, Saccharomyces/Potato Extract Ferment Filtrate, Saccharomyces/Barley Seed Ferment Filtrate, Panthenol, Theobroma Cacao (Cocoa) Extract, PEG-40 Hydrogenated Castor Oil, Glyceryl Acrylate/Acrylic Acid Copolymer, Hydroxyethylcellulose, Sodium Polyacrylate, Trisodium EDTA, Fragrance++, Citronellol, Limonene, Geraniol, Linalool.",1,1,1,1,1,peat_miracle_revital_serum_concentrate,belif,treatment,belif_peat_miracle_revital_serum_concentrate,0.0,29.0,5809.0,4.4483,1.01,Treatments,59.41,15.34,0.5,"Peat Extract (20%);Dipropylene Glycol;Alcohol Denat,;Glycerin;Methyl Gluceth-20;Butylene Glycol;Lactobacillus/Soybean Ferment Extract;1,2-Hexanediol;PEG-150;Aminobutyric Acid;Rosa Damascena Flower Extract*;Althaea Officinalis Root Extract*;Spiraea Ulmaria Flower Extract*;Viola Tricolor Extract*;Alchemilla Vulgaris Leaf Extract*;Nepeta Cataria Extract+;Avena Sativa (Oat) Kernel Extract+;Rubus Idaeus (Raspberry) Leaf Extract+;Calendula Officinalis Flower Extract+;Stellaria Media (Chickweed) Extract+;Baptisia Tinctoria Root Extract+;Glycyrrhiza Glabra (Licorice) Root Extract**;Achillea Millefolium Flower Extract**;Euphrasia Officinalis Extract**;Aesculus Hippocastanum (Horse Chestnut) Leaf Extract**;Rhodiola Rosea Root Extract**;Vaccinium Myrtillus Fruit Extract**;Equisetum Arvense Leaf Extract**;Sodium Hyaluronate;Saccharomyces/Potato Extract Ferment Filtrate;Saccharomyces/Barley Seed Ferment Filtrate;Panthenol;Theobroma Cacao (Cocoa) Extract;PEG-40 Hydrogenated Castor Oil;Glyceryl Acrylate/Acrylic Acid Copolymer;Hydroxyethylcellulose;Sodium Polyacrylate;Trisodium EDTA;Fragrance++;Citronellol;Limonene;Geraniol;Linalool,",0.0,29.0,5809.0,4.4483,1.01,Treatments,59.41,15.34,0.5,treatment,Low (3k - 7k)
Treatment,MURAD,Acne Clearing Solution,42,3.9,"Water, Cyclopentasiloxane, Glycerin, Butylene Glycol, Dimethicone, Emulsifying Wax NF, Cyclohexasiloxane, Panthenol, Capryloyl Glycine, Hydrolyzed Linseed Extract, Spiraea Ulmaria Extract, Bisabolol, Retinol, Phospholipids, Tocopheryl Acetate, Ascorbyl Palmitate, Retinyl Palmitate, Dipotassium Glycyrrhizate, Farnesol, Glyceryl Stearate, PEG-100 Stearate, Calcium Aluminum Borosilicate, Pentylene Glycol, Polysorbate 20, Lecithin, Alcohol, Sclerotium Gum, Xanthan Gum, Sodium Hydroxide, Disodium EDTA, Phenoxyethanol, Methylparaben, Propylparaben, Linalool, Lavandula Angustifolia (Lavender) Oil, Melaleuca Alternifolia (Tea Tree) Leaf Oil.",1,0,0,1,0,acne_clearing_solution,murad,treatment,murad_acne_clearing_solution,,,,,,,,,,"Cyclopentasiloxane;Glycerin;Butylene Glycol;Dimethicone;Emulsifying Wax NF;Cyclohexasiloxane;Panthenol;Capryloyl Glycine;Hydrolyzed Linseed Extract;Spiraea Ulmaria Extract;Bisabolol;Retinol;Phospholipids;Tocopheryl Acetate;Ascorbyl Palmitate;Retinyl Palmitate;Dipotassium Glycyrrhizate;Farnesol;Glyceryl Stearate;PEG-100 Stearate;Calcium Aluminum Borosilicate;Pentylene Glycol;Polysorbate 20;Lecithin;Alcohol;Sclerotium Gum;Xanthan Gum;Sodium Hydroxide;Disodium EDTA;Phenoxyethanol;Methylparaben;Propylparaben;Linalool;Lavandula Angustifolia (Lavender) Oil;Melaleuca Alternifolia (Tea Tree) Leaf Oil,",,,,,,,,,,treatment,nan
Treatment,BAREMINERALS,SKINLONGEVITY™ Vital Power Infusion Serum,58,4.4,"Water, Propanediol, PEG-6, Niacinamide, Ascorbyl Glucoside, Glycerin, PEG/PPG-17/4 Dimethyl Ether, Isodecyl Neopentanoate, Squalane, Butylene Glycol, Dimethicone, PEG-400, Potassium Hydroxide, Isostearic Acid, Carbomer, Alcohol, Ethylhexylglycerin, Lauryl Betaine, Behenyl Alcohol, Stearamidopropyl Dimethylamine, Xanthan Gum, Sodium Citrate, Beheneth-20, Acrylates/C10-30 Alkyl Acrylate Crosspolymer, Tocopherol, Batyl Alcohol, Disodium EDTA, Sodium Metaphosphate, Citric Acid, Polysorbate 20, Sodium Metabisulfite, Peucedanum Japonicum Leaf/Stem Extract, Eschscholtzia Californica Leaf Cell Extract, Saccharomyces Ferment Lysate Filtrate, Citrus Unshiu Peel Extract, Palmitoyl Tetrapeptide-7, Palmitoyl Tripeptide-1, Zingiber Aromaticus Extract, Fragrance, Limonene, Linalool, Geraniol, Sodium Benzoate, Phenoxyethanol, Iron Oxides (CI 77491, CI 77492).",1,1,1,1,0,skinlongevity_vital_power_infusion_serum,bareminerals,treatment,bareminerals_skinlongevity_vital_power_infusion_serum,,,,,,,,,,"Propanediol;PEG-6;Niacinamide;Ascorbyl Glucoside;Glycerin;PEG/PPG-17/4 Dimethyl Ether;Isodecyl Neopentanoate;Squalane;Butylene Glycol;Dimethicone;PEG-400;Potassium Hydroxide;Isostearic Acid;Carbomer;Alcohol;Ethylhexylglycerin;Lauryl Betaine;Behenyl Alcohol;Stearamidopropyl Dimethylamine;Xanthan Gum;Sodium Citrate;Beheneth-20;Acrylates/C10-30 Alkyl Acrylate Crosspolymer;Tocopherol;Batyl Alcohol;Disodium EDTA;Sodium Metaphosphate;Citric Acid;Polysorbate 20;Sodium Metabisulfite;Peucedanum Japonicum Leaf/Stem Extract;Eschscholtzia Californica Leaf Cell Extract;Saccharomyces Ferment Lysate Filtrate;Citrus Unshiu Peel Extract;Palmitoyl Tetrapeptide-7;Palmitoyl Tripeptide-1;Zingiber Aromaticus Extract;Fragrance;Limonene;Linalool;Geraniol;Sodium Benzoate;Phenoxyethanol;Iron Oxides (CI 77491;CI 77492),",0.0,242.0,13028.0,4.4132,1.7,,34.12,1.82,1.86,treatment,nan
Treatment,DIOR,Diorsnow Brightening Refining Moist Cloud Crème,125,4.9,Visit the Dior boutique,1,1,1,0,0,diorsnow_brightening_refining_moist_cloud_crème,dior,treatment,dior_diorsnow_brightening_refining_moist_cloud_crème,,,,,,,,,,Visit the Dior boutique,0.0,10.0,2097.0,4.8,1.7,,73.53,48.0,0.48,treatment,nan
Treatment,KATE SOMERVILLE,EradiKate® Salicylic Acid Acne Treatment,58,4.6,"Water, Glycereth-7 Trimethyl Ether, Cetyl Alcohol, Caprylic/Capric Triglyceride, Isopropyl Isostearate,Trimethylolpropane Tricaprylate/Tricaprate, Steareth-21, Dimethicone, Glycereth-18 Ethylhexanoate, Propanediol, Steareth-2, Retinyl Propionate, Hexylresorcinol, Oligopeptide-10, Proline, Hydroxyproline, Ethyl Linoleate, Sodium Hyaluronate, Saccharide Isomerate, Sodium PCA, Panthenol, Melaleuca Alternifolia Leaf Oil, Laminaria Digitata Extract, Boswellia Serrata Extract, Honey Extract, Oryza Sativa (Rice) Bran Extract, Chlorella Vulgaris Extract, Sea Water, Glycerin, Butylene Glycol, Glycereth-18, Trimethylpentanediol/Adipic Acid Copolymer, 1,2-Hexanediol, Polyacrylate Crosspolymer-6, Polymethylsilsesquioxane/Silica Crosspolymer, Aminomethyl Propanol, Caprylhydroxamic Acid, Disodium EDTA, Phenoxyethanol, Sodium Benzoate, Ethylhexylglycerin, Lavandula Angustifolia (Lavender) Oil, Disodium Carboxyethyl Siliconate, T-Butyl Alcohol, Linalool, Limonene, Iron Oxides (Ci 77491).",1,0,1,0,0,eradikate_salicylic_acid_acne_treatment,kate_somerville,treatment,kate_somerville_eradikate_salicylic_acid_acne_treatment,,,,,,,,,,"Glycereth-7 Trimethyl Ether;Cetyl Alcohol;Caprylic/Capric Triglyceride;Isopropyl Isostearate;Trimethylolpropane Tricaprylate/Tricaprate;Steareth-21;Dimethicone;Glycereth-18 Ethylhexanoate;Propanediol;Steareth-2;Retinyl Propionate;Hexylresorcinol;Oligopeptide-10;Proline;Hydroxyproline;Ethyl Linoleate;Sodium Hyaluronate;Saccharide Isomerate;Sodium PCA;Panthenol;Melaleuca Alternifolia Leaf Oil;Laminaria Digitata Extract;Boswellia Serrata Extract;Honey Extract;Oryza Sativa (Rice) Bran Extract;Chlorella Vulgaris Extract;Sea Water;Glycerin;Butylene Glycol;Glycereth-18;Trimethylpentanediol/Adipic Acid Copolymer;1,2-Hexanediol;Polyacrylate Crosspolymer-6;Polymethylsilsesquioxane/Silica Crosspolymer;Aminomethyl Propanol;Caprylhydroxamic Acid;Disodium EDTA;Phenoxyethanol;Sodium Benzoate;Ethylhexylglycerin;Lavandula Angustifolia (Lavender) Oil;Disodium Carboxyethyl Siliconate;T-Butyl Alcohol;Linalool;Limonene;Iron Oxides (Ci 77491),",0.0,37.0,3648.0,4.3784,1.0,,58.0,11.83,1.01,treatment,nan
Treatment,ORIGINS,A Perfect World™ Age-Defense Skin Guardian with White Tea,61,4.4,"Cyclopentasiloxane, Water; Rosa Damascena (Rose) Flower Water, Citrus Aurantium Amara (Bitter Orange) Flower Water, Glycerin, Butylene Glycol, Dimethicone/Vinyl Dimethicone Crosspolymer, Cetyl Peg/Ppg-10/1 Dimethicone, Boswellia Serrata Extract, Camellia Sinensis (White Tea) Leaf Extract, Citrus Aurantium Bergamia (Bergamot) Fruit Oil*, Citrus Medica Limonum (Lemon) Peel Oil*, Citrus Aurantium Dulcis (Orange) Oil*, Cinnamomum Camphora (Camphor) Bark Oil*, Mentha Viridis (Spearmint) Leaf Oil*, Vetiveria Zizanoides Root Oil*, Plumeria Alba Flower Extract, Magnolia Acuminata Flower Extract, Iris Pallida Root Extract, Rosa Damascena Extract, Citral, Linalool, Limonene, Magnesium Ascorbyl Phosphate, Dimethicone, Hydroxyethyl Acrylate/Sodium Acryloyldimethyl Taurate Copolymer, Potato Starch Modified, Squalane, Caprylyl Glycol, Tocopheryl Acetate, Polysorbate 60, Hexylene Glycol, Phenoxyethanol * Essential Oil Please be aware that ingredient lists may change or vary from time to time.� Please refer to the ingredient list on the product package you receive for the most up to date list of ingredients.",0,0,0,0,0,a_perfect_world_age_defense_skin_guardian_with_white_tea,origins,treatment,origins_a_perfect_world_age_defense_skin_guardian_with_white_tea,,,,,,,,,,"Cyclopentasiloxane;Water; Rosa Damascena (Rose) Flower Water;Citrus Aurantium Amara (Bitter Orange) Flower Water;Glycerin;Butylene Glycol;Dimethicone/Vinyl Dimethicone Crosspolymer;Cetyl Peg/Ppg-10/1 Dimethicone;Boswellia Serrata Extract;Camellia Sinensis (White Tea) Leaf Extract;Citrus Aurantium Bergamia (Bergamot) Fruit Oil*;Citrus Medica Limonum (Lemon) Peel Oil*;Citrus Aurantium Dulcis (Orange) Oil*;Cinnamomum Camphora (Camphor) Bark Oil*;Mentha Viridis (Spearmint) Leaf Oil*;Vetiveria Zizanoides Root Oil*;Plumeria Alba Flower Extract;Magnolia Acuminata Flower Extract;Iris Pallida Root Extract;Rosa Damascena Extract;Citral;Linalool;Limonene;Magnesium Ascorbyl Phosphate;Dimethicone;Hydroxyethyl Acrylate/Sodium Acryloyldimethyl Taurate Copolymer;Potato Starch Modified;Squalane;Caprylyl Glycol;Tocopheryl Acetate;Polysorbate 60;Hexylene Glycol;Phenoxyethanol * Essential Oil Please be aware that ingredient lists may change or vary from time to time,� Please refer to the ingredient list on the product package you receive for the most up to date list of ingredients,",1.0,80.0,4797.0,4.375,1.7,,35.88,5.47,1.67,treatment,nan
Treatment,KATE SOMERVILLE,RetAsphere™ Micro Peel,90,4.7,"Water, Glycolic Acid, Lactose, Caprylic/Capric Triglyceride,Propanediol, Neopentyl Glycol Diethylhexanoate, Glycerin, Arbutin, Hydroxyethylacrylate/Sodium Acryloyldimethyl Taurate, Copolymer, Sodium Hydroxide, Phenoxyethanol, Cetyl Alcohol, Glyceryl Stearate, PEG-40 Stearate, Ceteareth-20, Ethylhexyl Methoxycrylene, Trimethylpentanediol/Adipic Acid Copolymer, Polymethylsilsesquioxane, Plankton Extract, Opuntia Ficus-indica Fruit Extract, Polysorbate 20, Cetyl Palmitate, Triethanolamine, Ceramide NP, Ethylhexylglycerin, Isopulegol, Glycine Soja (Soybean) seed Extract, Magnesium Aluminum Silicate, Dimethicone, Macrocystis Pyrifera (Kelp) Extract, Xanthan Gum, Disodium EDTA, Tocopheryl Acetate, Hydrolyzed Hyaluronic Acid, Retinol, Adenosine, Glycyrrhiza Glabra (Licorice) Root Extract.",1,1,1,1,0,retasphere_micro_peel,kate_somerville,treatment,kate_somerville_retasphere_micro_peel,,,,,,,,,,"Glycolic Acid;Lactose;Caprylic/Capric Triglyceride;Propanediol;Neopentyl Glycol Diethylhexanoate;Glycerin;Arbutin;Hydroxyethylacrylate/Sodium Acryloyldimethyl Taurate;Copolymer;Sodium Hydroxide;Phenoxyethanol;Cetyl Alcohol;Glyceryl Stearate;PEG-40 Stearate;Ceteareth-20;Ethylhexyl Methoxycrylene;Trimethylpentanediol/Adipic Acid Copolymer;Polymethylsilsesquioxane;Plankton Extract;Opuntia Ficus-indica Fruit Extract;Polysorbate 20;Cetyl Palmitate;Triethanolamine;Ceramide NP;Ethylhexylglycerin;Isopulegol;Glycine Soja (Soybean) seed Extract;Magnesium Aluminum Silicate;Dimethicone;Macrocystis Pyrifera (Kelp) Extract;Xanthan Gum;Disodium EDTA;Tocopheryl Acetate;Hydrolyzed Hyaluronic Acid;Retinol;Adenosine;Glycyrrhiza Glabra (Licorice) Root Extract,",0.0,57.0,9096.0,4.6842,1.0,,90.0,8.22,0.63,treatment,nan
Treatment,FIRST AID BEAUTY,Skin Rescue Acne Clearing Pads with White Clay,30,4.2,"Water, Polysorbate 80, Phenoxyethanol, Sodium Hydroxide, Glycerin, Sodium Citrate, Kaolin, Salix Nigra (Willow) Bark Extract, Butylene Glycol, Rosmarinus Offici-nalis (Rosemary) Leaf Essential Oil, Potassium Sorbate, Sodium Benzoate, Camellia Sinensis Leaf Extract, Chrysanthemum Parthenium (Feverfew) Extract, Glycyrrhiza Gla-bra (Licorice) Root Extract, Capryloyl Glycine, Hexylene Glycol, Symphytum Officinale Leaf Extract, Melaleuca Alternifolia (Tea Tree) Leaf Oil, Sarcosine, Leuconostoc/Radish Root Ferment Filtrate, Enantia Chlorantha Bark Extract, Epilobium Angustifolium Flow-er/Leaf/Stem Extract, Cinnamomum Zeylanicum Bark Extract, Xanthan Gum, d-Limonene, Oleanolic Acid.",1,1,1,1,1,skin_rescue_acne_clearing_pads_with_white_clay,first_aid_beauty,treatment,first_aid_beauty_skin_rescue_acne_clearing_pads_with_white_clay,0.0,67.0,4926.0,4.0896,,Treatments,,6.1,1.36,"Polysorbate 80;Phenoxyethanol;Sodium Hydroxide;Glycerin;Sodium Citrate;Kaolin;Salix Nigra (Willow) Bark Extract;Butylene Glycol;Rosmarinus Offici-nalis (Rosemary) Leaf Essential Oil;Potassium Sorbate;Sodium Benzoate;Camellia Sinensis Leaf Extract;Chrysanthemum Parthenium (Feverfew) Extract;Glycyrrhiza Gla-bra (Licorice) Root Extract;Capryloyl Glycine;Hexylene Glycol;Symphytum Officinale Leaf Extract;Melaleuca Alternifolia (Tea Tree) Leaf Oil;Sarcosine;Leuconostoc/Radish Root Ferment Filtrate;Enantia Chlorantha Bark Extract;Epilobium Angustifolium Flow-er/Leaf/Stem Extract;Cinnamomum Zeylanicum Bark Extract;Xanthan Gum;d-Limonene;Oleanolic Acid,",0.0,67.0,4926.0,4.0896,,Treatments,,6.1,1.36,treatment,Low (3k - 7k)
Treatment,LANCER,Caviar Lime Acid Peel,90,4.7,"Water, Glycolic Acid, Sodium Hydroxide, Phytic Acid, Glyceryl Stearate, PEG-100 Stearate, Galactoarabinan, Caprylic/Capric Triglyceride, Dimethyl Isosorbide, Ethoxydiglycol, Neopentyl Glycol Diethylhexanoate, Stearyl Alcohol, Propanediol, Polyacrylate Crosspolymer-6, Glycerin, Maltodextrin, Sodium Ascorbate, Retinol, Oryza Sativa (Rice) Bran Extract, Citrus Grandis (Grapefruit) Peel Oil, Rosmarinus Officinalis (Rosemary) Leaf Oil, Helianthus Annuus (Sunflower) Seed Extract, Rosmarinus Officinalis (Rosemary) Leaf Extract, Microcitrus Australasica Fruit Extract, Citrus Aurantifolia (Lime) Oil, Citrus Aurantium Dulcis (Orange) Peel Oil, Mentha Piperita (Peppermint) Oil, Eucalyptus Globulus Leaf Oil, Allantoin, Bromelain, Papain, Tocopherol, Dimethicone, Polymethylsilsesquioxane, Vanillyl Butyl Ether, Ethylhexylglycerin, HDI/Trimethylol Hexyllactone Crosspolymer, Xanthan Gum, Disodium EDTA, Benzyl Alcohol, Menthoxypropanediol, Limonene, Linalool.",1,1,1,1,1,caviar_lime_acid_peel,lancer,treatment,lancer_caviar_lime_acid_peel,0.0,338.0,3654.0,4.7041,1.7,Treatments,52.94,1.39,9.25,"Glycolic Acid;Sodium Hydroxide;Phytic Acid;Glyceryl Stearate;PEG-100 Stearate;Galactoarabinan;Caprylic/Capric Triglyceride;Dimethyl Isosorbide;Ethoxydiglycol;Neopentyl Glycol Diethylhexanoate;Stearyl Alcohol;Propanediol;Polyacrylate Crosspolymer-6;Glycerin;Maltodextrin;Sodium Ascorbate;Retinol;Oryza Sativa (Rice) Bran Extract;Citrus Grandis (Grapefruit) Peel Oil;Rosmarinus Officinalis (Rosemary) Leaf Oil;Helianthus Annuus (Sunflower) Seed Extract;Rosmarinus Officinalis (Rosemary) Leaf Extract;Microcitrus Australasica Fruit Extract;Citrus Aurantifolia (Lime) Oil;Citrus Aurantium Dulcis (Orange) Peel Oil;Mentha Piperita (Peppermint) Oil;Eucalyptus Globulus Leaf Oil;Allantoin;Bromelain;Papain;Tocopherol;Dimethicone;Polymethylsilsesquioxane;Vanillyl Butyl Ether;Ethylhexylglycerin;HDI/Trimethylol Hexyllactone Crosspolymer;Xanthan Gum;Disodium EDTA;Benzyl Alcohol;Menthoxypropanediol;Limonene;Linalool,",0.0,338.0,3654.0,4.7041,1.7,Treatments,52.94,1.39,9.25,treatment,Low (3k - 7k)
Treatment,BIOEFFECT,EGF Day Serum,145,4.6,"Water, Propylene Glycol, Glycerin, Sorbitol, Carbomer, Sodium Hyaluronate, Phenoxyethanol, Sodium Chloride, Hordeum Vulgare Seed Exract, EGF (Barley Sh-Oligopeptide-1).",1,1,1,1,1,egf_day_serum,bioeffect,treatment,bioeffect_egf_day_serum,0.0,10.0,623.0,4.2,1.01,Treatments,143.56,42.0,1.61,"Propylene Glycol;Glycerin;Sorbitol;Carbomer;Sodium Hyaluronate;Phenoxyethanol;Sodium Chloride;Hordeum Vulgare Seed Exract;EGF (Barley Sh-Oligopeptide-1),",0.0,10.0,623.0,4.2,1.01,Treatments,143.56,42.0,1.61,treatment,Very Low (0 - 3k)
Treatment,MURAD,Rapid Collagen Infusion,84,4.2,"Water, Isodecyl Neopentanoate, Polymethylsilsesquioxane, Glycerin, Pentylene Glycol, Neopentyl Glycol Diethylhexanoate, Cetyl Ethylhexanoate, Stearic Acid, Cetearyl Olivate, Dimethicone/Bis-Isobutyl PPG-20 Crosspolymer, Sorbitan Olivate, Butylene Glycol, Honey, Urea, Yeast Amino Acids, Trehalose, Inositol, Taurine, Betaine, Caprylic/Capric Triglyceride, Alaria Esculenta Extract, Palmitoyl Tripeptide-5, Codium Tomentosum Extract, Hydrogenated Olive Oil, Olive Fruit Oil, Olive Oil Unsaponifiables, Sodium Hyaluronate, Collagen Amino Acids, Watermelon Fruit Extract, Apple Fruit Extract, Lentil Fruit Extract, Tocopheryl Acetate, Sodium PCA, Sodium Lactate, Zinc Gluconate, Ascorbic Acid, Chitosan, Propyl Gallate, Polysorbate 20, Acrylates/C10-30 Alkyl Acrylate Crosspolymer, Aminomethyl Propanol, Trisodium Ethylenediamine Disuccinate, Disodium EDTA, Phenoxyethanol, Caprylyl Glycol, Chlorphenesin, Linalool, Anthemis Nobilis Flower Extract, Anthemis Nobilis Flower Oil, Lavender Oil.",0,0,0,0,0,rapid_collagen_infusion,murad,treatment,murad_rapid_collagen_infusion,0.0,93.0,5450.0,4.2043,1.0,Treatments,78.0,4.52,1.71,"Isodecyl Neopentanoate;Polymethylsilsesquioxane;Glycerin;Pentylene Glycol;Neopentyl Glycol Diethylhexanoate;Cetyl Ethylhexanoate;Stearic Acid;Cetearyl Olivate;Dimethicone/Bis-Isobutyl PPG-20 Crosspolymer;Sorbitan Olivate;Butylene Glycol;Honey;Urea;Yeast Amino Acids;Trehalose;Inositol;Taurine;Betaine;Caprylic/Capric Triglyceride;Alaria Esculenta Extract;Palmitoyl Tripeptide-5;Codium Tomentosum Extract;Hydrogenated Olive Oil;Olive Fruit Oil;Olive Oil Unsaponifiables;Sodium Hyaluronate;Collagen Amino Acids;Watermelon Fruit Extract;Apple Fruit Extract;Lentil Fruit Extract;Tocopheryl Acetate;Sodium PCA;Sodium Lactate;Zinc Gluconate;Ascorbic Acid;Chitosan;Propyl Gallate;Polysorbate 20;Acrylates/C10-30 Alkyl Acrylate Crosspolymer;Aminomethyl Propanol;Trisodium Ethylenediamine Disuccinate;Disodium EDTA;Phenoxyethanol;Caprylyl Glycol;Chlorphenesin;Linalool;Anthemis Nobilis Flower Extract;Anthemis Nobilis Flower Oil;Lavender Oil,",0.0,93.0,5450.0,4.2043,1.0,Treatments,78.0,4.52,1.71,treatment,Low (3k - 7k)
Treatment,DR. BRANDT SKINCARE,2% Retinol Complex Serum,69,3.8,"Water, Glycerin, Dicaprylyl Carbonate, Isoamyl Laurate, Cyclopentasiloxane, Butyrospermum Parkii (Shea) Butter, Shea Butter Cetyl Esters, Triheptanoin, Tocopherol, Phenoxyethanol, Behenyl Alcohol, Methylpropanediol, Glyceryl Stearate Citrate, Polysorbate 20, Sodium Acrylates Copolymer, Retinol, Glyceryl Stearate, Simmondsia Chinensis (Jojoba) Seed Oil, Xanthan Gum, Betaine, Polyglyceryl-3 Stearate, Citrus Paradisi (Grapefruit) Peel Oil, Lavandula Angustifolia (Lavender) Oil, Limonene, Chlorphenesin, Caprylyl Glycol, Caprylic/Capric Triglyceride, Lecithin, Glycine Soja (Soybean) Sterols, Hydrogenated Lecithin, Maslinic Acid, Lysolecithin, Phenylpropanol, Bht, Sodium Phytate, Dimethiconol, Hydrogenated Polyisobutene, Mel (Honey/Miel), Pectin, Phospholipids, Polyglyceryl-10 Stearate, Helianthus Annuus(Sunflower) Seed Oil, Glycine Soja (Soybean) Oil.",1,1,1,1,0,2_retinol_complex_serum,dr._brandt_skincare,treatment,dr._brandt_skincare_2_retinol_complex_serum,0.0,74.0,11068.0,3.7162,1.0,Treatments,69.0,5.02,0.67,"Glycerin;Dicaprylyl Carbonate;Isoamyl Laurate;Cyclopentasiloxane;Butyrospermum Parkii (Shea) Butter;Shea Butter Cetyl Esters;Triheptanoin;Tocopherol;Phenoxyethanol;Behenyl Alcohol;Methylpropanediol;Glyceryl Stearate Citrate;Polysorbate 20;Sodium Acrylates Copolymer;Retinol;Glyceryl Stearate;Simmondsia Chinensis (Jojoba) Seed Oil;Xanthan Gum;Betaine;Polyglyceryl-3 Stearate;Citrus Paradisi (Grapefruit) Peel Oil;Lavandula Angustifolia (Lavender) Oil;Limonene;Chlorphenesin;Caprylyl Glycol;Caprylic/Capric Triglyceride;Lecithin;Glycine Soja (Soybean) Sterols;Hydrogenated Lecithin;Maslinic Acid;Lysolecithin;Phenylpropanol;Bht;Sodium Phytate;Dimethiconol;Hydrogenated Polyisobutene;Mel (Honey/Miel);Pectin;Phospholipids;Polyglyceryl-10 Stearate;Helianthus Annuus(Sunflower) Seed Oil;Glycine Soja (Soybean) Oil,",0.0,74.0,11068.0,3.7162,1.0,Treatments,69.0,5.02,0.67,treatment,Medium (7k - 13k)
Treatment,SKIN INC SUPPLEMENT BAR,My Daily Dose Custom-Blended Serum Set,84,4.3,Visit the Skin Inc Supplement Bar boutique,0,0,0,0,0,my_daily_dose_custom_blended_serum_set,skin_inc_supplement_bar,treatment,skin_inc_supplement_bar_my_daily_dose_custom_blended_serum_set,0.0,121.0,6219.0,4.2562,,Treatments,,3.52,1.95,Visit the Skin Inc Supplement Bar boutique,0.0,121.0,6219.0,4.2562,,Treatments,,3.52,1.95,treatment,Low (3k - 7k)
Treatment,DIOR,Diorsnow Essence of Light Pure Concentrate of Light Brightening Milk Serum,140,4.5,Visit the Dior boutique,1,1,1,1,1,diorsnow_essence_of_light_pure_concentrate_of_light_brightening_milk_serum,dior,treatment,dior_diorsnow_essence_of_light_pure_concentrate_of_light_brightening_milk_serum,0.0,8.0,2286.0,4.5,1.0,Treatments,140.0,56.25,0.35,Visit the Dior boutique,0.0,8.0,2286.0,4.5,1.0,Treatments,140.0,56.25,0.35,treatment,Very Low (0 - 3k)
Treatment,DR. BRANDT SKINCARE,needles no more® 3-D filler mask,95,3.7,"Water Butyrospermum Parkii (Shea) Butter, Polymethyl Methacrylate, Dimethicone/Vinyl Dimethicone Crosspolymer, Sodium Acrylates Copolymer, Methylsilanol Hydroxyproline Aspartate, Phospholipids, Phenoxyethanol, Silica, Dimethylsilanol Hyaluronate, Lecithin, Silanetriol, Trehalose, Xanthan Gum, Chlorphenesin, Caprylyl Glycol, Sodium Hyaluronate, Tocopherol, Peg-40 Stearate,Hyaluronic Acid, Ethylhexylglycerin, Disodium Edta, Diethylhexyl Adipate,Helianthus Annuus (Sunflower) Seed Oil, Betaine, Propanediol, Olea Europaea (Olive) Fruit Oil, Ornithine, Ricinus Communis (Castor) Seed Oil, Anthemis Nobilis Flower Oil, Palmitoyl Oligopeptide, C10-18 Triglycerides, Glycolic Acid, Centella Asiatica Extract, Lactic Acid, Polyvinyl Alcohol, Glycolipids, Lavandula Angustifolia (Lavender) Flower Extract, Hydrolyzed Wheat Protein, Palmitoyl Decapeptide-21, Decapeptide-22, Oligopeptide-78, Zinc Palmitoyl Nonapeptide-14.",1,1,1,1,0,needles_no_more_3_d_filler_mask,dr._brandt_skincare,treatment,dr._brandt_skincare_needles_no_more_3_d_filler_mask,,,,,,,,,,"Water Butyrospermum Parkii (Shea) Butter;Polymethyl Methacrylate;Dimethicone/Vinyl Dimethicone Crosspolymer;Sodium Acrylates Copolymer;Methylsilanol Hydroxyproline Aspartate;Phospholipids;Phenoxyethanol;Silica;Dimethylsilanol Hyaluronate;Lecithin;Silanetriol;Trehalose;Xanthan Gum;Chlorphenesin;Caprylyl Glycol;Sodium Hyaluronate;Tocopherol;Peg-40 Stearate;Hyaluronic Acid;Ethylhexylglycerin;Disodium Edta;Diethylhexyl Adipate;Helianthus Annuus (Sunflower) Seed Oil;Betaine;Propanediol;Olea Europaea (Olive) Fruit Oil;Ornithine;Ricinus Communis (Castor) Seed Oil;Anthemis Nobilis Flower Oil;Palmitoyl Oligopeptide;C10-18 Triglycerides;Glycolic Acid;Centella Asiatica Extract;Lactic Acid;Polyvinyl Alcohol;Glycolipids;Lavandula Angustifolia (Lavender) Flower Extract;Hydrolyzed Wheat Protein;Palmitoyl Decapeptide-21;Decapeptide-22;Oligopeptide-78;Zinc Palmitoyl Nonapeptide-14,",,,,,,,,,,treatment,nan
Treatment,FRESH,Seaberry Skin Nutrition Booster,46,4.5,"Camellia Oleifera Seed Oil, Prunus Armeniaca (Apricot) Kernel Oil, Hippophae Rhamnoides Oil, Solanum Lycopersicum (Tomato) Fruit/Leaf/Stem Extract, Bixa Orellana Seed Extract, Helianthus Annuus (Sunflower) Seed Oil, Rosmarinus Officinalis (Rosemary) Leaf Extract, Ascorbyl Tetraisopalmitate, Tocopherol, Caprylic/Capric Triglyceride, Bht.",0,0,0,0,0,seaberry_skin_nutrition_booster,fresh,treatment,fresh_seaberry_skin_nutrition_booster,0.0,107.0,12722.0,4.5234,0.5,Treatments,94.0,4.23,0.84,"Camellia Oleifera Seed Oil;Prunus Armeniaca (Apricot) Kernel Oil;Hippophae Rhamnoides Oil;Solanum Lycopersicum (Tomato) Fruit/Leaf/Stem Extract;Bixa Orellana Seed Extract;Helianthus Annuus (Sunflower) Seed Oil;Rosmarinus Officinalis (Rosemary) Leaf Extract;Ascorbyl Tetraisopalmitate;Tocopherol;Caprylic/Capric Triglyceride;Bht,",0.0,107.0,12722.0,4.5234,0.5,Treatments,94.0,4.23,0.84,treatment,Medium (7k - 13k)
Treatment,REN CLEAN SKINCARE,Bio Retinoid Anti-Wrinkle Concentrate Oil,69,4.2,"Rosa Rubiginosa Seed Oil, Glycine Soja (Soybean) Oil, Gossypium Harbaceum (Cotton) Seed Oil, Bidens Pilosa Extract, Hippophae Rhamnoides Fruit Extract, Parfum (Fragrance), Linum Usitatissimum (Linseed) Seed Oil, Tocopherol, Linalool.",0,0,0,0,0,bio_retinoid_anti_wrinkle_concentrate_oil,ren_clean_skincare,treatment,ren_clean_skincare_bio_retinoid_anti_wrinkle_concentrate_oil,1.0,106.0,8888.0,4.1604,1.02,Moisturizers,67.65,3.92,1.19,"Rosa Rubiginosa Seed Oil;Glycine Soja (Soybean) Oil;Gossypium Harbaceum (Cotton) Seed Oil;Bidens Pilosa Extract;Hippophae Rhamnoides Fruit Extract;Parfum (Fragrance);Linum Usitatissimum (Linseed) Seed Oil;Tocopherol;Linalool,",1.0,106.0,8888.0,4.1604,1.02,Moisturizers,67.65,3.92,1.19,treatment,Medium (7k - 13k)
Treatment,DR. BRANDT SKINCARE,MAGNETIGHT Age-Defier™ Mask,75,3.9,"Iron Powder, Dimethicone, Polysilicone-11, Nylon-12, C12-15 Alkyl Benzoate, Silica, Tribehenin, Polymethylsilsesquioxane, Peg-10 Dimethicone, Polysorbate 40, Hdi/Trimethylol Hexyllactone Crosspolymer, Ceramide Ng, Peg-10 Phytosterol, Tourmaline, Lavandula Angustifolia (Lavender) Oil, Isohexadecane, Ammonium Polyacryloyldimethyl Taurate, Citrus Aurantium Bergamia (Bergamot) Fruit Oil, Palmitoyl Hexapeptide-12, Pelargonium Graveolens (Geranium) Flower Oil, Dimethylmethoxy Chromanol, Anthemis Nobilis (Chamomile) Flower Oil, Limonene, Linalool, Citronellol, Geraniol.",1,1,1,1,0,magnetight_age_defier_mask,dr._brandt_skincare,treatment,dr._brandt_skincare_magnetight_age_defier_mask,,,,,,,,,,"Iron Powder;Dimethicone;Polysilicone-11;Nylon-12;C12-15 Alkyl Benzoate;Silica;Tribehenin;Polymethylsilsesquioxane;Peg-10 Dimethicone;Polysorbate 40;Hdi/Trimethylol Hexyllactone Crosspolymer;Ceramide Ng;Peg-10 Phytosterol;Tourmaline;Lavandula Angustifolia (Lavender) Oil;Isohexadecane;Ammonium Polyacryloyldimethyl Taurate;Citrus Aurantium Bergamia (Bergamot) Fruit Oil;Palmitoyl Hexapeptide-12;Pelargonium Graveolens (Geranium) Flower Oil;Dimethylmethoxy Chromanol;Anthemis Nobilis (Chamomile) Flower Oil;Limonene;Linalool;Citronellol;Geraniol,",0.0,8.0,3117.0,4.0,,,,50.0,0.26,treatment,nan
Treatment,DERMADOCTOR,Kakadu C ™ Serum,95,4.1,"Water, 3-O-Ethyl Ascorbic Acid, Ethoxydiglycol, Glycerin, PEG-40 Hydrogenated Castor Oil, Butylene Glycol, Citric Acid, Terminalia Ferdinandiana (Kakadu) Fruit Extract, Epigallocatechin Gallate, Tocopherol, Alcohol, Sodium Citrate, Phenoxyethanol, Triethanolamine, Ferulic Acid, Caprylyl Glycol, Ethylhexylglycerin, Disodium EDTA, Hexylene Glycol, Panthenol, Sodium Hyaluronate.",0,0,0,0,0,kakadu_c_serum,dermadoctor,treatment,dermadoctor_kakadu_c_serum,,,,,,,,,,"3-O-Ethyl Ascorbic Acid;Ethoxydiglycol;Glycerin;PEG-40 Hydrogenated Castor Oil;Butylene Glycol;Citric Acid;Terminalia Ferdinandiana (Kakadu) Fruit Extract;Epigallocatechin Gallate;Tocopherol;Alcohol;Sodium Citrate;Phenoxyethanol;Triethanolamine;Ferulic Acid;Caprylyl Glycol;Ethylhexylglycerin;Disodium EDTA;Hexylene Glycol;Panthenol;Sodium Hyaluronate,",0.0,62.0,3997.0,4.0645,1.0,,95.0,6.56,1.55,treatment,nan
Treatment,CLARINS,Lotus Face Treatment Oil,58,4.3,"Corylus Avellana (Hazel) Seed Oil, Pelargonium Graveolens Flower Oil, Parfum/Fragrance, Rosmarinus Officinalis (Rosemary) Leaf Oil, Helianthus Annuus (Sunflower) Seed Oil, Anthemis Nobilis Flower Oil, Salvia Sclarea (Clary) Oil, Belumbium Speciosum Flower Extract, Tocopherol, Citronellol, Linalool, Geraniol, Limonene, Citral, Coumarin, Benzyl Benzoate.",0,0,0,0,0,lotus_face_treatment_oil,clarins,treatment,clarins_lotus_face_treatment_oil,0.0,122.0,5888.0,4.3361,1.0,Moisturizers,59.0,3.55,2.07,"Corylus Avellana (Hazel) Seed Oil;Pelargonium Graveolens Flower Oil;Parfum/Fragrance;Rosmarinus Officinalis (Rosemary) Leaf Oil;Helianthus Annuus (Sunflower) Seed Oil;Anthemis Nobilis Flower Oil;Salvia Sclarea (Clary) Oil;Belumbium Speciosum Flower Extract;Tocopherol;Citronellol;Linalool;Geraniol;Limonene;Citral;Coumarin;Benzyl Benzoate,",0.0,122.0,5888.0,4.3361,1.0,Moisturizers,59.0,3.55,2.07,treatment,Low (3k - 7k)
Treatment,ALGENIST,Targeted Deep Wrinkle Minimizer,45,3.6,"Water, Polysilicone-11, Cyclopentasiloxane, Isononyl Isononanoate, Dimethicone, Glycerin, Polyacrylamide, Algae Exopolysaccharides, Hydrolyzed Soy Protein, Palmitoyl Oligopeptide, Palmitoyl Tetrapeptide-7, Niacinamide, Sodium Ascorbyl Phosphate, Tocopheryl Acetate, Echinacea Purpurea Extract, Caprylyl Glycol, Butylene Glycol, Sodium Lactate, Laureth-7, C13-14 Isoparaffin, Pentylene Glycol, Laureth-12, Carbomer, Polysorbate 20, Isononanoic Acid, Hexylene Glycol, Phenoxyethanol, Ethylhexylglycerin.",0,0,0,0,0,targeted_deep_wrinkle_minimizer,algenist,treatment,algenist_targeted_deep_wrinkle_minimizer,,,,,,,,,,"Polysilicone-11;Cyclopentasiloxane;Isononyl Isononanoate;Dimethicone;Glycerin;Polyacrylamide;Algae Exopolysaccharides;Hydrolyzed Soy Protein;Palmitoyl Oligopeptide;Palmitoyl Tetrapeptide-7;Niacinamide;Sodium Ascorbyl Phosphate;Tocopheryl Acetate;Echinacea Purpurea Extract;Caprylyl Glycol;Butylene Glycol;Sodium Lactate;Laureth-7;C13-14 Isoparaffin;Pentylene Glycol;Laureth-12;Carbomer;Polysorbate 20;Isononanoic Acid;Hexylene Glycol;Phenoxyethanol;Ethylhexylglycerin,",,,,,,,,,,treatment,nan
Treatment,DERMADOCTOR,Calm Cool & Corrected,85,4.0,"Water, Caprylic/Capric Triglyceride, Cyclopentasiloxane, Squalane, Glyceryl Stearate, PEG-100 Stearate, Petrolatum, Glycerin, Cetyl Alcohol, Cyclohexasiloxane, Aloe Barbadensis (Aloe Vera) Leaf Juice, Dimethicone, Methyl Methacrylate/ Glycol Dimethacrylate Crosspolymer, Pentaerythrityl Tetraisostearate, Butylene Glycol, Dimethicone/Vinyl Dimethicone Crosspolymer, PEG-60 Almond Glycerides, Caprylyl Glycol, Nordihydroguaiaretic Acid, Oleanolic Acid, Sodium Hyaluronate, Stearyl Alcohol, Butyrospermum Parkii (Shea Butter), Tocopheryl Acetate (Vitamin E), Camellia Sinensis (White Tea) Leaf Extract, Panthenol, Chamomilla Recutita (Matricaria) Flower Extract, Superoxide Dismutase, Carbomer, Sodium Hydroxide, Citric Acid, Propylene Glycol, Lecithin, Phenoxyethanol, Butylparaben, Ethylparaben, Propylparaben, Methylparaben.",0,0,0,0,0,calm_cool_corrected,dermadoctor,treatment,dermadoctor_calm_cool_corrected,0.0,275.0,4386.0,4.0145,1.7,Moisturizers,50.0,1.46,6.27,"Caprylic/Capric Triglyceride;Cyclopentasiloxane;Squalane;Glyceryl Stearate;PEG-100 Stearate;Petrolatum;Glycerin;Cetyl Alcohol;Cyclohexasiloxane;Aloe Barbadensis (Aloe Vera) Leaf Juice;Dimethicone;Methyl Methacrylate/ Glycol Dimethacrylate Crosspolymer;Pentaerythrityl Tetraisostearate;Butylene Glycol;Dimethicone/Vinyl Dimethicone Crosspolymer;PEG-60 Almond Glycerides;Caprylyl Glycol;Nordihydroguaiaretic Acid;Oleanolic Acid;Sodium Hyaluronate;Stearyl Alcohol;Butyrospermum Parkii (Shea Butter);Tocopheryl Acetate (Vitamin E);Camellia Sinensis (White Tea) Leaf Extract;Panthenol;Chamomilla Recutita (Matricaria) Flower Extract;Superoxide Dismutase;Carbomer;Sodium Hydroxide;Citric Acid;Propylene Glycol;Lecithin;Phenoxyethanol;Butylparaben;Ethylparaben;Propylparaben;Methylparaben,",0.0,275.0,4386.0,4.0145,1.7,Moisturizers,50.0,1.46,6.27,treatment,Low (3k - 7k)
Treatment,ESTÉE LAUDER,Perfectionist Pro Rapid Firm + Lift Treatment,75,5.0,"Perfectionist Pro Rpd Frm+Lift Trt Division: El (Estee Lauder)Ingredients: Water , Dimethicone , Butylene Glycol , Caprylic/Capric Triglyceride , Glycerin , Bis-Peg-18 Methyl Ether Dimethyl Silane , Polysorbate 20 , Lauryl Peg-9 Polydimethylsiloxyethyl Dimethicone , Polysilicone-11 , Mangifera Indica (Mango) Seed Butter , Phoenix Dactylifera (Date) Fruit Extract , Pisum Sativum (Pea) Extract , Cucumis Sativus (Cucumber) Fruit Extract , Crithmum Maritimum Extract , Laminaria Ochroleuca Extract , Commiphora Mukul Resin Extract , Triticum Vulgare (Wheat) Germ Extract , Bambusa Vulgaris (Bamboo) Extract , Chlorella Vulgaris Extract , Laminaria Saccharina Extract , Brassica Campestris (Rapeseed) Sterols , Helianthus Annuus (Sunflower) Seed Extract , Algae Extract , Hypnea Musciformis (Algae) Extract , Sigesbeckia Orientalis (St. Paul'S Wort) Extract , Nymphaea Alba (Water Lily) Flower Extract , Acetyl Glucosamine , Caffeine , Gellidiella Acerosa Extract , Coffea Arabica (Coffee) Seed Extract , Sodium Hyaluronate , Lactic Acid , Propylene Glycol Dicaprate , Saccharide Isomerate , Methyl Gluceth-20 , Ethylhexylglycerin , Acrylamide/Sodium Acryloyldimethyltaurate Copolymer , Helianthus Annuus (Sunflower) Seedcake , Caprylyl Glycol , Isohexadecane , Tocopheryl Acetate , Acrylates/C10-30 Alkyl Acrylate Crosspolymer , Glyceryl Polymethacrylate , Sodium Polyacrylate Starch , Squalane , Sodium Pca , Urea , Zea Mays (Corn) Kernel Extract , Whey Protein/Lactis Protein/Proteine Du Petit-Lait , Palmaria Palmata Extract , Polysorbate 80 , Acetyl Hexapeptide-8 , Triolein , Hydrolyzed Rice Extract , Linoleic Acid , Trehalose , Glycine Soja (Soybean) Protein , Glucosamine Hcl , Phospholipids , Laminaria Digitata Extract , Hordeum Vulgare (Barley) Extract/Extrait D'Orge , Polyquaternium-51 , Palmitoyl Hexapeptide-12 , Ergothioneine , Aminopropyl Ascorbyl Phosphate , Peg-8 , Phytosteryl Canola Glycerides , Pentylene Glycol , Oleic Acid , Palmitic Acid , Xanthan Gum , Fragrance , Sodium Hydroxide , Citric Acid , Silica , Calcium Chloride , Stearic Acid , Dipropylene Glycol , Sodium Palmitoyl Proline , Disodium Edta , Bht , Potassium Sorbate , Phenoxyethanol , Mica , Titanium Dioxide (Ci 77891) , Iron Oxides (Ci 77491, Ci 77492, Ci 77499)",1,1,1,1,0,perfectionist_pro_rapid_firm_lift_treatment,estée_lauder,treatment,estée_lauder_perfectionist_pro_rapid_firm_lift_treatment,,,,,,,,,,"Perfectionist Pro Rpd Frm+Lift Trt Division: El (Estee Lauder)Ingredients: Water;Dimethicone;Butylene Glycol;Caprylic/Capric Triglyceride;Glycerin;Bis-Peg-18 Methyl Ether Dimethyl Silane;Polysorbate 20;Lauryl Peg-9 Polydimethylsiloxyethyl Dimethicone;Polysilicone-11;Mangifera Indica (Mango) Seed Butter;Phoenix Dactylifera (Date) Fruit Extract;Pisum Sativum (Pea) Extract;Cucumis Sativus (Cucumber) Fruit Extract;Crithmum Maritimum Extract;Laminaria Ochroleuca Extract;Commiphora Mukul Resin Extract;Triticum Vulgare (Wheat) Germ Extract;Bambusa Vulgaris (Bamboo) Extract;Chlorella Vulgaris Extract;Laminaria Saccharina Extract;Brassica Campestris (Rapeseed) Sterols;Helianthus Annuus (Sunflower) Seed Extract;Algae Extract;Hypnea Musciformis (Algae) Extract;Sigesbeckia Orientalis (St, Paul'S Wort) Extract;Nymphaea Alba (Water Lily) Flower Extract;Acetyl Glucosamine;Caffeine;Gellidiella Acerosa Extract;Coffea Arabica (Coffee) Seed Extract;Sodium Hyaluronate;Lactic Acid;Propylene Glycol Dicaprate;Saccharide Isomerate;Methyl Gluceth-20;Ethylhexylglycerin;Acrylamide/Sodium Acryloyldimethyltaurate Copolymer;Helianthus Annuus (Sunflower) Seedcake;Caprylyl Glycol;Isohexadecane;Tocopheryl Acetate;Acrylates/C10-30 Alkyl Acrylate Crosspolymer;Glyceryl Polymethacrylate;Sodium Polyacrylate Starch;Squalane;Sodium Pca;Urea;Zea Mays (Corn) Kernel Extract;Whey Protein/Lactis Protein/Proteine Du Petit-Lait;Palmaria Palmata Extract;Polysorbate 80;Acetyl Hexapeptide-8;Triolein;Hydrolyzed Rice Extract;Linoleic Acid;Trehalose;Glycine Soja (Soybean) Protein;Glucosamine Hcl;Phospholipids;Laminaria Digitata Extract;Hordeum Vulgare (Barley) Extract/Extrait D'Orge;Polyquaternium-51;Palmitoyl Hexapeptide-12;Ergothioneine;Aminopropyl Ascorbyl Phosphate;Peg-8;Phytosteryl Canola Glycerides;Pentylene Glycol;Oleic Acid;Palmitic Acid;Xanthan Gum;Fragrance;Sodium Hydroxide;Citric Acid;Silica;Calcium Chloride;Stearic Acid;Dipropylene Glycol;Sodium Palmitoyl Proline;Disodium Edta;Bht;Potassium Sorbate;Phenoxyethanol;Mica;Titanium Dioxide (Ci 77891);Iron Oxides (Ci 77491;Ci 77492;Ci 77499)",0.0,9.0,2286.0,4.5556,1.0,Treatments,75.0,50.62,0.39,treatment,nan
Treatment,KATE SOMERVILLE,DermalQuench Liquid Lift™ Advanced Wrinkle Treatment,95,3.7,"-DermalQuench Liquid Lift™: Infuses the skin with three powerful ingredients in the advanced HydraFill Complex. -PFC-Oxygen Carriers: Helps plump the appearance of skin and minimizes the appearance of expression lines. -Fast-penetrating Hyaluronic Acid: Provides deep, long-lasting hydration and improves the look of elasticity, firmness, and texture. -Rare Botanical Extracts: Instantly increase the look of radiance and create a complexion that appears more youthful and healthier. Water, Perfluorohexane, A 70 propellant*, Perfluoroperhydrophenanthrene, Dimethicone, Propanediol, Neopentyl Glycol Diheptanoate, Perfluorodecalin, Tropaeolum Majus Flower/Leaf/Stem Extract, Isododecane, Cyclopentasiloxane, Glyceryl Stearate, Cetearyl Alcohol, Stearic Acid, Sodium Lauroyl Glutamate, Cyclohexasiloxane, Acrylates/C10-30 Alkyl Acrylate Crosspolymer, Hydrolyzed Hyaluronic Acid, Phospholipids, Retinyl Palmitate, Tocopheryl Acetate, Ascorbyl Palmitate, Sodium Hydroxide, Ehylhexylglycerin, Phenoxyethanol, Lavandula Angustifolia (Lavender) Oil. *Propellant is an Isobutane-Propane blend that evaporates when product is expelled from container, and it dissipates prior to contact with skin.",1,1,1,1,1,dermalquench_liquid_lift_advanced_wrinkle_treatment,kate_somerville,treatment,kate_somerville_dermalquench_liquid_lift_advanced_wrinkle_treatment,,,,,,,,,,"-DermalQuench Liquid Lift™: Infuses the skin with three powerful ingredients in the advanced HydraFill Complex, -PFC-Oxygen Carriers: Helps plump the appearance of skin and minimizes the appearance of expression lines, -Fast-penetrating Hyaluronic Acid: Provides deep;long-lasting hydration and improves the look of elasticity;firmness;and texture, -Rare Botanical Extracts: Instantly increase the look of radiance and create a complexion that appears more youthful and healthier, Water;Perfluorohexane;A 70 propellant*;Perfluoroperhydrophenanthrene;Dimethicone;Propanediol;Neopentyl Glycol Diheptanoate;Perfluorodecalin;Tropaeolum Majus Flower/Leaf/Stem Extract;Isododecane;Cyclopentasiloxane;Glyceryl Stearate;Cetearyl Alcohol;Stearic Acid;Sodium Lauroyl Glutamate;Cyclohexasiloxane;Acrylates/C10-30 Alkyl Acrylate Crosspolymer;Hydrolyzed Hyaluronic Acid;Phospholipids;Retinyl Palmitate;Tocopheryl Acetate;Ascorbyl Palmitate;Sodium Hydroxide;Ehylhexylglycerin;Phenoxyethanol;Lavandula Angustifolia (Lavender) Oil, *Propellant is an Isobutane-Propane blend that evaporates when product is expelled from container;and it dissipates prior to contact with skin,",0.0,64.0,6688.0,4.125,2.5,,39.2,6.45,0.96,treatment,nan
Treatment,KATE SOMERVILLE,DermalQuench Liquid Lift™ + Retinol Advanced Resurfacing Treatment,98,4.1,"-Retinol: Reduces the appearance of fine lines and wrinkles, increases the appearance of firmness and elasticity, and refines skin texture. -Natural Bioretinols (Babchi Edible Seed and Spanish Needle Extracts): Harness the power of Retinol compounds to help minimize the signs of aging. -Advanced Hydrafill™ Complex (PFC-Oxygen Carriers, Hyaluronic Acid, and Rare Botanical Extracts: Leaves the complexion with a smoother, hydrated, and healthier look. Water, A70 Propellant**, Perfluorohexane, Dimethicone, Propanediol, Neopentyl Glycol Diheptanoate, Perfluoroperhydrophenanthrene, Glycereth-18 Ethylhexanoate, Isododecane, Perfluorodecalin, Ethylhexyl Methoxycrylene, Cyclopentasiloxane, Phenoxyethanol, Dimethyl Isosorbide, Glycine Soja (Soybean) Extract, Oryza Sativa (Rice) Bran Extract, Glycereth-18, Cyclohexasiloxane, Bakuchiol, Glycerin, Lavandula Angustilfolia (Lavender) Flower Oil, Elaeis Guineensis (Palm) Oil, Cetearyl Alcohol, Glyceryl Stearate, Gossypium Herbaceum (Cotton) Seed Oil, Tocopheryl Acetate, Bidens Pilosa Extract, Sodium Lauroyl Glutamate, Stearic Acid, Helianthus Annuus (Sunflower) Seed Oil, Linum Usitatissimum (Linseed) Seed Oil, Acrylates/C10-30 Alkyl Acrylate Crosspolymer, Ethylhexylglycerin, Hydrolyzed Hyaluronic Acid, Hydroxypinacolone Retinoate, Disodium EDTA, Adenosine, Retinol, Tropaeolum Majus Flower/Leaf/Stem Extract, Sodium Hydroxide, Rosmarinus Officinalis (Rosemary) Leaf Extract, Tocopherol. **Propellant is an Isobutane-Propane blend that evaporates when product is expelled from container, and dissipates prior to contact with skin.",1,1,1,1,1,dermalquench_liquid_lift_retinol_advanced_resurfacing_treatment,kate_somerville,treatment,kate_somerville_dermalquench_liquid_lift_retinol_advanced_resurfacing_treatment,,,,,,,,,,"-Retinol: Reduces the appearance of fine lines and wrinkles;increases the appearance of firmness and elasticity;and refines skin texture, -Natural Bioretinols (Babchi Edible Seed and Spanish Needle Extracts): Harness the power of Retinol compounds to help minimize the signs of aging, -Advanced Hydrafill™ Complex (PFC-Oxygen Carriers;Hyaluronic Acid;and Rare Botanical Extracts: Leaves the complexion with a smoother;hydrated;and healthier look, Water;A70 Propellant**;Perfluorohexane;Dimethicone;Propanediol;Neopentyl Glycol Diheptanoate;Perfluoroperhydrophenanthrene;Glycereth-18 Ethylhexanoate;Isododecane;Perfluorodecalin;Ethylhexyl Methoxycrylene;Cyclopentasiloxane;Phenoxyethanol;Dimethyl Isosorbide;Glycine Soja (Soybean) Extract;Oryza Sativa (Rice) Bran Extract;Glycereth-18;Cyclohexasiloxane;Bakuchiol;Glycerin;Lavandula Angustilfolia (Lavender) Flower Oil;Elaeis Guineensis (Palm) Oil;Cetearyl Alcohol;Glyceryl Stearate;Gossypium Herbaceum (Cotton) Seed Oil;Tocopheryl Acetate;Bidens Pilosa Extract;Sodium Lauroyl Glutamate;Stearic Acid;Helianthus Annuus (Sunflower) Seed Oil;Linum Usitatissimum (Linseed) Seed Oil;Acrylates/C10-30 Alkyl Acrylate Crosspolymer;Ethylhexylglycerin;Hydrolyzed Hyaluronic Acid;Hydroxypinacolone Retinoate;Disodium EDTA;Adenosine;Retinol;Tropaeolum Majus Flower/Leaf/Stem Extract;Sodium Hydroxide;Rosmarinus Officinalis (Rosemary) Leaf Extract;Tocopherol, **Propellant is an Isobutane-Propane blend that evaporates when product is expelled from container;and dissipates prior to contact with skin,",0.0,117.0,5723.0,3.6581,2.5,,38.0,3.13,2.04,treatment,nan
Treatment,PERRICONE MD,Vitamin C Ester Brightening Amine Face Lift,99,4.4,"Water, L-Tyrosine, Dimethyl MEA (DMAE), Ascorbyl Tetraisopalmitate, Tetrahexyldecyl Ascorbate, Isopropyl Palmitate, Glycolic Acid, Ascorbyl Palmitate, Cetearyl Alcohol, Hydroxylated Lecithin, Glyceryl Stearate, PEG-100 Stearate, Benzyl Alcohol, Ceteareth-20, Rhodiola Rosea Root Extract, Camellia Oleifera (Green Tea) Leaf Extract, Pinus Pinaster Bark Extract, Elaeis Guineensis (Palm) Oil, Magnesium Aspartate, Zinc Gluconate, Pyridoxine HCl, Pantethine, Tocotrienols, Dimethicone, Resveratrol, Disodium EDTA, Tocopherol, Sodium Hyaluronate, Copper Gluconate, Parfum (Fragrance), Astaxanthin.",0,0,0,0,0,vitamin_c_ester_brightening_amine_face_lift,perricone_md,treatment,perricone_md_vitamin_c_ester_brightening_amine_face_lift,0.0,365.0,3465.0,4.3534,2.0,Treatments,49.5,1.19,10.53,"L-Tyrosine;Dimethyl MEA (DMAE);Ascorbyl Tetraisopalmitate;Tetrahexyldecyl Ascorbate;Isopropyl Palmitate;Glycolic Acid;Ascorbyl Palmitate;Cetearyl Alcohol;Hydroxylated Lecithin;Glyceryl Stearate;PEG-100 Stearate;Benzyl Alcohol;Ceteareth-20;Rhodiola Rosea Root Extract;Camellia Oleifera (Green Tea) Leaf Extract;Pinus Pinaster Bark Extract;Elaeis Guineensis (Palm) Oil;Magnesium Aspartate;Zinc Gluconate;Pyridoxine HCl;Pantethine;Tocotrienols;Dimethicone;Resveratrol;Disodium EDTA;Tocopherol;Sodium Hyaluronate;Copper Gluconate;Parfum (Fragrance);Astaxanthin,",0.0,365.0,3465.0,4.3534,2.0,Treatments,49.5,1.19,10.53,treatment,Low (3k - 7k)
Treatment,HUM NUTRITION,OMG!™ Omega The Great Supplements,30,4.3,"Omega 3 Fish Oil (including EPA and DHA), Vitamin E, Gelatin, Purified Water, Glycerin.",0,0,0,0,0,omg!_omega_the_great_supplements,hum_nutrition,treatment,hum_nutrition_omg!_omega_the_great_supplements,,,,,,,,,,"Omega 3 Fish Oil (including EPA and DHA);Vitamin E;Gelatin;Glycerin,",0.0,55.0,7671.0,4.3636,,Treatments,,7.93,0.72,treatment,nan
Treatment,SHISEIDO,Future Solution LX Intensive Firming Contour Serum,300,4.3,"Dimethicone, Dipropylene Glycol, Glycerin, Bis-Peg-18 Methyl Ether Dimethyl Silane, Peg-75, Diphenylsiloxy Phenyl Trimethicone, Bis-Diglyceryl Polyacyladipate-2, Piperidinepropionic Acid, Trimethylsiloxysilicate, Polysilicone-11, Polysorbate 20, Peg-10 Dimethicone, Pentaerythrityl Tetraethylhexanoate, Phenoxyethanol, Sodium Acrylate/Sodium Acryloyldimethyl Taurate Copolymer, Peg-60 Glyceryl Isostearate, Butylene Glycol, Isostearic Acid, Isohexadecane, Sodium Citrate, Succinoglycan, Acrylates/C10-30 Alkyl Acrylate Crosspolymer, Tocopheryl Acetate, Sodium Hyaluronate, Fragrance (Parfum), Polysorbate 80, Potassium Hydroxide, Lauryl Betaine, Bht, 2-O-Ethyl Ascorbic Acid, Xanthan Gum, Citric Acid, Sodium Metabisulfite, Disodium Edta, Sorbitan Oleate, Sodium Metaphosphate, Alcohol, Linalool, Glycyrrhiza Glabra (Licorice) Root Extract, Butylphenyl Methylpropional, Limonene, Iron Oxides (Ci 77492), Alpha-Isomethyl Ionone, Prunus Speciosa Leaf Extract, Citronellol, Geraniol, Benzyl Benzoate, Angelica Acutiloba Root Extract, Rubus Suavissimus (Raspberry) Leaf Extract, Isodonis Japonicus Leaf/Stalk Extract, Iron Oxides (Ci 77491), Hibiscus Esculentus Fruit Extract, Camellia Sinensis Leaf Extract, Tocopherol, Sodium Benzoate.",1,1,1,1,1,future_solution_lx_intensive_firming_contour_serum,shiseido,treatment,shiseido_future_solution_lx_intensive_firming_contour_serum,0.0,4.0,652.0,4.25,1.6,Treatments,191.25,106.25,0.61,"Dimethicone;Dipropylene Glycol;Glycerin;Bis-Peg-18 Methyl Ether Dimethyl Silane;Peg-75;Diphenylsiloxy Phenyl Trimethicone;Bis-Diglyceryl Polyacyladipate-2;Piperidinepropionic Acid;Trimethylsiloxysilicate;Polysilicone-11;Polysorbate 20;Peg-10 Dimethicone;Pentaerythrityl Tetraethylhexanoate;Phenoxyethanol;Sodium Acrylate/Sodium Acryloyldimethyl Taurate Copolymer;Peg-60 Glyceryl Isostearate;Butylene Glycol;Isostearic Acid;Isohexadecane;Sodium Citrate;Succinoglycan;Acrylates/C10-30 Alkyl Acrylate Crosspolymer;Tocopheryl Acetate;Sodium Hyaluronate;Fragrance (Parfum);Polysorbate 80;Potassium Hydroxide;Lauryl Betaine;Bht;2-O-Ethyl Ascorbic Acid;Xanthan Gum;Citric Acid;Sodium Metabisulfite;Disodium Edta;Sorbitan Oleate;Sodium Metaphosphate;Alcohol;Linalool;Glycyrrhiza Glabra (Licorice) Root Extract;Butylphenyl Methylpropional;Limonene;Iron Oxides (Ci 77492);Alpha-Isomethyl Ionone;Prunus Speciosa Leaf Extract;Citronellol;Geraniol;Benzyl Benzoate;Angelica Acutiloba Root Extract;Rubus Suavissimus (Raspberry) Leaf Extract;Isodonis Japonicus Leaf/Stalk Extract;Iron Oxides (Ci 77491);Hibiscus Esculentus Fruit Extract;Camellia Sinensis Leaf Extract;Tocopherol;Sodium Benzoate,",0.0,4.0,652.0,4.25,1.6,Treatments,191.25,106.25,0.61,treatment,Very Low (0 - 3k)
Treatment,MURAD,Advanced Active Radiance® Serum,90,4.2,"Water, Glycolic Acid, Butylene Glycol, Hydroxyethyl Acrylate/Sodium Acryloyldimethyl Taurate Copolymer, Cyclopentasiloxane, Urea, Yeast Amino Acids, Trehalose, Inositol, Taurine, Betaine, Hydrolyzed Opuntia Ficus Indica Flower Extract, Hexapeptide-2, Hydrolyzed Jojoba Esters, Jojoba Esters, Dimethicone Crosspolymer, Camellia Oleifera Leaf Extract, Avena Sativa (Oat) Kernel Extract, Enantia Chlorantha (Bark) Extract, Oleanolic Acid, Ectoin, Sodium Ascorbyl Phosphate, Biotin, Mannitol, Zinc Gluconate, Tocopheryl Acetate, Dipotassium Glycyrrhizate, Ethylhexyl Palmitate, Silica Dimethyl Silylate, Sodium Hyaluronate, Tetrahexyldecyl Ascorbate, Ascorbic Acid, Chitosan, Propyl Gallate, Methyl Diisopropyl Propionamide, Ethyl Menthane Carboxamide, Menthyl Lactate, Lauryl Laurate, Hydroxyethyl Behenamidopropyl Dimonium Chloride, Ethylhexylglycerin, Silica, Xanthan Gum, PPG-26-Buteth-26, PEG-40 Hydrogenated Castor Oil, Sodium Hydroxide, Disodium EDTA, Phenoxyethanol, Caprylyl Glycol, Chlorphenesin, Limonene, Fragrance, Yellow 5 (CI 19140), Orange 4 (CI 15510).",0,0,0,0,0,advanced_active_radiance_serum,murad,treatment,murad_advanced_active_radiance_serum,,,,,,,,,,"Glycolic Acid;Butylene Glycol;Hydroxyethyl Acrylate/Sodium Acryloyldimethyl Taurate Copolymer;Cyclopentasiloxane;Urea;Yeast Amino Acids;Trehalose;Inositol;Taurine;Betaine;Hydrolyzed Opuntia Ficus Indica Flower Extract;Hexapeptide-2;Hydrolyzed Jojoba Esters;Jojoba Esters;Dimethicone Crosspolymer;Camellia Oleifera Leaf Extract;Avena Sativa (Oat) Kernel Extract;Enantia Chlorantha (Bark) Extract;Oleanolic Acid;Ectoin;Sodium Ascorbyl Phosphate;Biotin;Mannitol;Zinc Gluconate;Tocopheryl Acetate;Dipotassium Glycyrrhizate;Ethylhexyl Palmitate;Silica Dimethyl Silylate;Sodium Hyaluronate;Tetrahexyldecyl Ascorbate;Ascorbic Acid;Chitosan;Propyl Gallate;Methyl Diisopropyl Propionamide;Ethyl Menthane Carboxamide;Menthyl Lactate;Lauryl Laurate;Hydroxyethyl Behenamidopropyl Dimonium Chloride;Ethylhexylglycerin;Silica;Xanthan Gum;PPG-26-Buteth-26;PEG-40 Hydrogenated Castor Oil;Sodium Hydroxide;Disodium EDTA;Phenoxyethanol;Caprylyl Glycol;Chlorphenesin;Limonene;Fragrance;Yellow 5 (CI 19140);Orange 4 (CI 15510),",0.0,216.0,6209.0,4.2269,1.0,,90.0,1.96,3.48,treatment,nan
Treatment,ALGENIST,Advanced Anti-Aging Repairing Oil,82,4.4,"Chlorella Protothecoides Oil, Cetearyl Ethylhexanoate, Isopropyl Isostearate, Caprylic/Capric Triglyceride, Ceramide 3, Alaria Esculenta Extract, Retinyl Palmitate, Tocopherol, Rosmarinus Officinalis Leaf Extract, Helianthus Annuus Seed Oil, Cymbopogon Martini Oil, Geraniol.",1,1,1,1,1,advanced_anti_aging_repairing_oil,algenist,treatment,algenist_advanced_anti_aging_repairing_oil,0.0,223.0,7261.0,4.4215,1.0,Moisturizers,82.0,1.98,3.07,"Chlorella Protothecoides Oil;Cetearyl Ethylhexanoate;Isopropyl Isostearate;Caprylic/Capric Triglyceride;Ceramide 3;Alaria Esculenta Extract;Retinyl Palmitate;Tocopherol;Rosmarinus Officinalis Leaf Extract;Helianthus Annuus Seed Oil;Cymbopogon Martini Oil;Geraniol,",0.0,223.0,7261.0,4.4215,1.0,Moisturizers,82.0,1.98,3.07,treatment,Medium (7k - 13k)
Treatment,PETER THOMAS ROTH,Instant Firmx™,48,3.7,"Water, Butylene Glycol, Glycerin, Sodium Silicate, Sodium Magnesium Fluorosilicate, Magnesium Aluminum Silicate, Urea, Diazolidinyl Urea, Symphytum Officinale Leaf Extract, Foeniculum Vulgare (Fennel) Seed Extract, Panthenol, Tocopheryl Acetate, Retinyl Palmitate, Ascorbyl Palmitate, Phospholipids, Chondrus Crispus (Carrageenan), Disodium EDTA, Phenoxyethanol, Methylparaben, Propylparaben, Ethylparaben, Butylparaben, Isobutylparaben.",0,0,0,0,0,instant_firmx,peter_thomas_roth,treatment,peter_thomas_roth_instant_firmx,,,,,,,,,,"Butylene Glycol;Glycerin;Sodium Silicate;Sodium Magnesium Fluorosilicate;Magnesium Aluminum Silicate;Urea;Diazolidinyl Urea;Symphytum Officinale Leaf Extract;Foeniculum Vulgare (Fennel) Seed Extract;Panthenol;Tocopheryl Acetate;Retinyl Palmitate;Ascorbyl Palmitate;Phospholipids;Chondrus Crispus (Carrageenan);Disodium EDTA;Phenoxyethanol;Methylparaben;Propylparaben;Ethylparaben;Butylparaben;Isobutylparaben,",0.0,389.0,3807.0,3.671,3.4,,14.12,0.94,10.22,treatment,nan
Treatment,JACK BLACK,Power Peel Multi-Acid Resurfacing Pads,38,4.6,"Water, Alcohol Denat., Butylene Glycol, Glycolic Acid, Niacinamide, Salicylic Acid, Vaccinium Myrtillus Fruit/Leaf Extract, Glucosamine HCl, Gluconolactone, Saccharomyces Cerevisiae Extract, Algae Extract, Urea, Saccharum Officinarum (Sugar Cane) Extract, Xanthan Gum, Sodium Hydroxide, Glycerin, Lycium Barbarum Fruit Extract*, Anthemis Nobilis Flower Extract, Citrus Aurantium Dulcis (Orange) Fruit Extract, Citrus Limon (Lemon) Fruit Extract, Betula Alba Bark Extract, Hexanoyl Dipeptide-3 Norleucine Acetate, Sodium Benzoate, Magnesium Ascorbyl Phosphate, Hamamelis Virginiana (Witch Hazel) Water*, Alcohol, Lecithin, Acer Saccharum (Sugar Maple) Extract, Vaccinium Angustifolium (Blueberry) Fruit Extract, Sodium Hyaluronate, Pelargonium Graveolens Flower Oil*, Phenethyl Alcohol, Caprylyl Glycol, Potassium Sorbate, Tocopheryl Acetate, Phyllanthus Emblica Fruit Extract, Glycine Soja (Soybean) Oil *Certified Organic.",0,0,0,0,0,power_peel_multi_acid_resurfacing_pads,jack_black,treatment,jack_black_power_peel_multi_acid_resurfacing_pads,0.0,45.0,4334.0,4.5333,,Treatments,,10.07,1.04,"Alcohol Denat,;Butylene Glycol;Glycolic Acid;Niacinamide;Salicylic Acid;Vaccinium Myrtillus Fruit/Leaf Extract;Glucosamine HCl;Gluconolactone;Saccharomyces Cerevisiae Extract;Algae Extract;Urea;Saccharum Officinarum (Sugar Cane) Extract;Xanthan Gum;Sodium Hydroxide;Glycerin;Lycium Barbarum Fruit Extract*;Anthemis Nobilis Flower Extract;Citrus Aurantium Dulcis (Orange) Fruit Extract;Citrus Limon (Lemon) Fruit Extract;Betula Alba Bark Extract;Hexanoyl Dipeptide-3 Norleucine Acetate;Sodium Benzoate;Magnesium Ascorbyl Phosphate;Hamamelis Virginiana (Witch Hazel) Water*;Alcohol;Lecithin;Acer Saccharum (Sugar Maple) Extract;Vaccinium Angustifolium (Blueberry) Fruit Extract;Sodium Hyaluronate;Pelargonium Graveolens Flower Oil*;Phenethyl Alcohol;Caprylyl Glycol;Potassium Sorbate;Tocopheryl Acetate;Phyllanthus Emblica Fruit Extract;Glycine Soja (Soybean) Oil *Certified Organic,",0.0,45.0,4334.0,4.5333,,Treatments,,10.07,1.04,treatment,Low (3k - 7k)
Treatment,DR. BRANDT SKINCARE,Bright Biotic™ Dark Spot Minimizing Serum,55,4.3,"Water, Dicaprylyl Ether, Propanediol, C9-12 Alkane, Glyceryl Stearate, Peg-100 Stearate, Caprylic/Capric Triglyceride, Squalane, Caprylyl Methicone, Coco-Caprylate/Caprate, Niacinamide, Polysilicone-11, Cetyl Alcohol, Glycerin, Hexylresorcinol, Ethyl Linoleate, Lactococcus Ferment Lysate, Inulin, Peg-40 Stearate, 1,2-Hexanediol, Sodium Pca, Polyacrylate Crosspolymer-6, Laureth-12, Yogurt Powder, Ammonium Glycyrrhizate, Disodium Edta, Caprylhydroxamic Acid, Honey, Lavandula Angustifolia (Lavender) Oil, Xanthan Gum, Phenoxyethanol, Camellia Sinensis Leaf Extract, Butylene Glycol, Vitis Vinifera (Grape) Seed Extract, Tartaric Acid, Saxifraga Sarmentosa Extract, Carica Papaya Fruit Extract, Ethylhexylglycerin, Sodium Sulfite, Sodium Metabisulfite, Psidium Guajava Fruit Extrac T, Sodium Benzoate, Papain, Bromelain, Maltodextrin.",1,1,1,1,1,bright_biotic_dark_spot_minimizing_serum,dr._brandt_skincare,treatment,dr._brandt_skincare_bright_biotic_dark_spot_minimizing_serum,,,,,,,,,,"Dicaprylyl Ether;Propanediol;C9-12 Alkane;Glyceryl Stearate;Peg-100 Stearate;Caprylic/Capric Triglyceride;Squalane;Caprylyl Methicone;Coco-Caprylate/Caprate;Niacinamide;Polysilicone-11;Cetyl Alcohol;Glycerin;Hexylresorcinol;Ethyl Linoleate;Lactococcus Ferment Lysate;Inulin;Peg-40 Stearate;1,2-Hexanediol;Sodium Pca;Polyacrylate Crosspolymer-6;Laureth-12;Yogurt Powder;Ammonium Glycyrrhizate;Disodium Edta;Caprylhydroxamic Acid;Honey;Lavandula Angustifolia (Lavender) Oil;Xanthan Gum;Phenoxyethanol;Camellia Sinensis Leaf Extract;Butylene Glycol;Vitis Vinifera (Grape) Seed Extract;Tartaric Acid;Saxifraga Sarmentosa Extract;Carica Papaya Fruit Extract;Ethylhexylglycerin;Sodium Sulfite;Sodium Metabisulfite;Psidium Guajava Fruit Extrac T;Sodium Benzoate;Papain;Bromelain;Maltodextrin,",0.0,24.0,3174.0,4.2083,,,,17.53,0.76,treatment,nan
Treatment,PHILOSOPHY,Time In A Bottle 100% In-Control,76,4.0,Visit the philosophy boutique,1,1,1,1,1,time_in_a_bottle_100_in_control,philosophy,treatment,philosophy_time_in_a_bottle_100_in_control,0.0,48.0,3014.0,4.0625,1.3,Treatments,58.46,8.46,1.59,Visit the philosophy boutique,0.0,48.0,3014.0,4.0625,1.3,Treatments,58.46,8.46,1.59,treatment,Very Low (0 - 3k)
Treatment,ERNO LASZLO,White Marble Dual Phase Vitamin C Peel,100,4.7,"-Lactic Acid: Gently exfoliates skin. -Carrot Seed Oil: Balances skin while fighting age spots and sun damage. -Vitamin C: Reduces the look of dark spots and lightens skin. Step 1 Peel: PEG-8, Sodium Bicarbonate, Butylene Glycol, Glyceryl Stearate SE, Silica, Polylactic Acid, Ascorbyl Palmitate, Tocopheryl Acetate, Sodium Ascorbyl Phosphate, Helianthus Annuus (Sunflower) Seed Oil, Daucus Carota Sativa (Carrot) Seed Oil, Daucus Carota Sativa (Carrot) Root Extract, Beta Carotene (CI 40800), Fragrance. Step 2 Activator: Water, Linoleamidopropyl PG-Dimonium Chloride Phosphate, Polyquaternium-10, Hydroxyethylcellulose, Sodium Ascorbyl Phosphate, Polysorbate 20, PEG-40 Hydrogenated Castor Oil, Trideceth-9, Sodium Hydroxide, Disodium EDTA, Lactic Acid, Fragrance, Potassium Sorbate, Phenoxyethanol, Sodium Dehydroacetate, Limonene.",1,1,1,1,0,white_marble_dual_phase_vitamin_c_peel,erno_laszlo,treatment,erno_laszlo_white_marble_dual_phase_vitamin_c_peel,0.0,1000.0,4232.0,4.7247,,Treatments,,0.47,23.63,"-Lactic Acid: Gently exfoliates skin, -Carrot Seed Oil: Balances skin while fighting age spots and sun damage, -Vitamin C: Reduces the look of dark spots and lightens skin, Step 1 Peel: PEG-8;Sodium Bicarbonate;Butylene Glycol;Glyceryl Stearate SE;Silica;Polylactic Acid;Ascorbyl Palmitate;Tocopheryl Acetate;Sodium Ascorbyl Phosphate;Helianthus Annuus (Sunflower) Seed Oil;Daucus Carota Sativa (Carrot) Seed Oil;Daucus Carota Sativa (Carrot) Root Extract;Beta Carotene (CI 40800);Fragrance, Step 2 Activator: Water;Linoleamidopropyl PG-Dimonium Chloride Phosphate;Polyquaternium-10;Hydroxyethylcellulose;Sodium Ascorbyl Phosphate;Polysorbate 20;PEG-40 Hydrogenated Castor Oil;Trideceth-9;Sodium Hydroxide;Disodium EDTA;Lactic Acid;Fragrance;Potassium Sorbate;Phenoxyethanol;Sodium Dehydroacetate;Limonene,",0.0,1000.0,4232.0,4.7247,,Treatments,,0.47,23.63,treatment,Low (3k - 7k)
Treatment,KIEHL'S SINCE 1851,Micro-Blur™ Skin Perfector,35,4.5,"Dimethicone, Water, Glycerin, Dimethicone Crosspolymer, Methyl Methacrylate Crosspolymer, Isononyl Isononanoate, Alcohol Denat., Vinyl Dimethicone/Methicone Silsesquioxane Crosspolymer, Butylene Glycol, Lauryl Peg-9 Polydimethylsiloxyethyl Dimethicone, Boron Nitride, Silica Silylate, Phenoxyethanol, Peg/Ppg-18/18 Dimethicone, Perlite, Magnesium Sulfate, Capryloyl Salicylic Acid, Caprylyl Glycol, Menthyl Lactate, Lentil Seed Extract, Bisabolol, Fragrance, Dextrin, Dimethiconol, Ci 77491, Ci 77492, Ci 77499, Iron Oxides, Ci 77891, Titanium Dioxide, Synthetic Fluorphlogopite, Eperua Falcata Bark Extract, Farnesol, Limonene, Disodium Stearoyl Glutamate, Alpha-Isomethyl Ionone, Citronellol, Aluminum Hydroxide.",1,1,1,1,1,micro_blur_skin_perfector,kiehl's_since_1851,treatment,kiehl's_since_1851_micro_blur_skin_perfector,,,,,,,,,,"Dimethicone;Glycerin;Dimethicone Crosspolymer;Methyl Methacrylate Crosspolymer;Isononyl Isononanoate;Alcohol Denat,;Vinyl Dimethicone/Methicone Silsesquioxane Crosspolymer;Butylene Glycol;Lauryl Peg-9 Polydimethylsiloxyethyl Dimethicone;Boron Nitride;Silica Silylate;Phenoxyethanol;Peg/Ppg-18/18 Dimethicone;Perlite;Magnesium Sulfate;Capryloyl Salicylic Acid;Caprylyl Glycol;Menthyl Lactate;Lentil Seed Extract;Bisabolol;Fragrance;Dextrin;Dimethiconol;Ci 77491;Ci 77492;Ci 77499;Iron Oxides;Ci 77891;Titanium Dioxide;Synthetic Fluorphlogopite;Eperua Falcata Bark Extract;Farnesol;Limonene;Disodium Stearoyl Glutamate;Alpha-Isomethyl Ionone;Citronellol;Aluminum Hydroxide,",0.0,38.0,7013.0,4.3684,1.0,,35.0,11.5,0.54,treatment,nan
Treatment,REN CLEAN SKINCARE,Flash Hydro-Boost Instant Plumping Emulsion,42,4.5,* 100% Natural Fragrance,1,1,1,1,1,flash_hydro_boost_instant_plumping_emulsion,ren_clean_skincare,treatment,ren_clean_skincare_flash_hydro_boost_instant_plumping_emulsion,1.0,127.0,7183.0,4.5039,1.3,Treatments,35.38,3.55,1.77,* 100% Natural Fragrance,1.0,127.0,7183.0,4.5039,1.3,Treatments,35.38,3.55,1.77,treatment,Medium (7k - 13k)
Treatment,BEAUTYBIO,The Nightly Retinol + Peptide Anti-Aging Serum,95,5.0,"Water, Ethylhexyl Palmitate, Glycerin, Peg-40 Hydrogenated Castor Oil, Caprylic/Capric Triglyceride, Sodium Hyaluronate, Bisabolol, Leontopodium Alpinum Meristem Cell Culture, Dimethyl Isosorbide, Panthenol, Tetrahexyldecyl Ascorbate, Amorphophallus Konjac Root Powder, Leuconostoc/Radish Root Ferment Filtrate, Commiphora Mukul Resin Extract, Tocopherol, Allantoin, Hydroxypinacolone Retinoate, Palmitoyl Tripeptide-28, Disodium Edta, Carbomer, Trihydroxystearin, Aminomethyl Propanol, Phenoxyethanol, Xanthan Gum, Silica, Chlorphenesin, Benzoic Acid, Butylene Glycol, Sorbic Acid, Mica, Titanium Dioxide.",1,1,1,1,1,the_nightly_retinol_peptide_anti_aging_serum,beautybio,treatment,beautybio_the_nightly_retinol_peptide_anti_aging_serum,0.0,2.0,1441.0,5.0,1.0,Treatments,95.0,250.0,0.14,"Ethylhexyl Palmitate;Glycerin;Peg-40 Hydrogenated Castor Oil;Caprylic/Capric Triglyceride;Sodium Hyaluronate;Bisabolol;Leontopodium Alpinum Meristem Cell Culture;Dimethyl Isosorbide;Panthenol;Tetrahexyldecyl Ascorbate;Amorphophallus Konjac Root Powder;Leuconostoc/Radish Root Ferment Filtrate;Commiphora Mukul Resin Extract;Tocopherol;Allantoin;Hydroxypinacolone Retinoate;Palmitoyl Tripeptide-28;Disodium Edta;Carbomer;Trihydroxystearin;Aminomethyl Propanol;Phenoxyethanol;Xanthan Gum;Silica;Chlorphenesin;Benzoic Acid;Butylene Glycol;Sorbic Acid;Mica;Titanium Dioxide,",0.0,2.0,1441.0,5.0,1.0,Treatments,95.0,250.0,0.14,treatment,Very Low (0 - 3k)
Treatment,MURAD,Complete Reform,78,4.5,"Water, Glycolic Acid, PPG-12/SMDI Copolymer, Sodium Hydroxide, Sclerotium Gum, Oat Kernel Flour, Dicaprylyl Maleate, Xanthophyll, Astaxanthin, Beta-Carotene, Corn Oil, Hydrolyzed Soybean Fiber , Punica Granatum Extract, Tocopheryl Acetate, Pollen Extract, Soybean Oil Unsaponifiables, Olive Oil Unsaponifiables, Wheat Germ Oil Unsaponifiables, Dipotassium Glycyrrhizate, Cetearyl Alcohol, Ceteareth-20, Ascorbic Acid, Butylene Glycol, Chitosan, Propyl Gallate, Zinc Gluconate, PEG-100 Stearate, Glyceryl Stearate, Sodium PCA, Proline, Sodium Lactate, Sorbitol, Disodium EDTA, Phenoxyethanol, Caprylyl Glycol, Chlorphenesin, Linalool, Lavender Oil, Titanium Dioxide (CI 77891).",0,0,0,0,0,complete_reform,murad,treatment,murad_complete_reform,0.0,82.0,5327.0,4.5,,Treatments,,5.49,1.54,"Glycolic Acid;PPG-12/SMDI Copolymer;Sodium Hydroxide;Sclerotium Gum;Oat Kernel Flour;Dicaprylyl Maleate;Xanthophyll;Astaxanthin;Beta-Carotene;Corn Oil;Hydrolyzed Soybean Fiber;Punica Granatum Extract;Tocopheryl Acetate;Pollen Extract;Soybean Oil Unsaponifiables;Olive Oil Unsaponifiables;Wheat Germ Oil Unsaponifiables;Dipotassium Glycyrrhizate;Cetearyl Alcohol;Ceteareth-20;Ascorbic Acid;Butylene Glycol;Chitosan;Propyl Gallate;Zinc Gluconate;PEG-100 Stearate;Glyceryl Stearate;Sodium PCA;Proline;Sodium Lactate;Sorbitol;Disodium EDTA;Phenoxyethanol;Caprylyl Glycol;Chlorphenesin;Linalool;Lavender Oil;Titanium Dioxide (CI 77891),",0.0,82.0,5327.0,4.5,,Treatments,,5.49,1.54,treatment,Low (3k - 7k)
Treatment,PERRICONE MD,High Potency Classics: Firming Evening Repair,99,4.4,"Water, Caprylic/Capric Triglyceride, Isododecane, Cyclopentasiloxane, Cyclohexasiloxane, Polyglyceryl-4 Isostearate, Hexyl Laurate, Cetyl PEG/PPG-10/1 Dimethicone, Tyrosine, Dimethyl MEA, Thioctic Acid, Retinol, Sodium Chloride, Caprylyl Glycol, Hydroxyethylcellulose, Polysorbate 20, Urea, Zinc Sulfate, Phenoxyethanol, Sorbic Acid, Glyoxal, Fragrance, Linalool, Hexyl Cinnamal, Citronellol, Benzyl Benzoate.",1,1,1,1,1,high_potency_classics:_firming_evening_repair,perricone_md,treatment,perricone_md_high_potency_classics:_firming_evening_repair,0.0,230.0,342.0,4.4174,2.0,Treatments,49.5,1.92,67.25,"Caprylic/Capric Triglyceride;Isododecane;Cyclopentasiloxane;Cyclohexasiloxane;Polyglyceryl-4 Isostearate;Hexyl Laurate;Cetyl PEG/PPG-10/1 Dimethicone;Tyrosine;Dimethyl MEA;Thioctic Acid;Retinol;Sodium Chloride;Caprylyl Glycol;Hydroxyethylcellulose;Polysorbate 20;Urea;Zinc Sulfate;Phenoxyethanol;Sorbic Acid;Glyoxal;Fragrance;Linalool;Hexyl Cinnamal;Citronellol;Benzyl Benzoate,",0.0,230.0,342.0,4.4174,2.0,Treatments,49.5,1.92,67.25,treatment,Very Low (0 - 3k)
Treatment,DERMADOCTOR,Kakadu C™ Intensive Vitamin C Peel Pads with Ferulic Acid & Vitamin E,78,4.8,"Aqua, Glycolic Acid, Rose Centifolia Flower Water, Lactic Acid, Potassium Hydroxide, Mandelic Acid, Hyaluronic Acid, Polysorbate 20, SD Alcohol 40-B, Glycerin, Terminalia Ferdinandiana Fruit Extract, Microcitrus Australasica Fruit Extract, Salix Nigra (Willow) Bark Extract, Malic Acid, Algae Extract, Superoxide Dismutase, Camellia Oleifera (Green Tea) Leaf Extract, Camellia Sinensis (White Tea) Leaf Extract, Aloe Barbadensis Leaf Juice, Squalane, Papain, Ferulic Acid, Vitamin E Acetate, Oleanolic Acid, Enantia Chlorantha Bark Extract, Phenoxyethanol, Potassium Sorbate, Ethylhexylglycerin, Butylene Glycol, Sodium Benzoate, Citric Acid.",1,1,1,1,0,kakadu_c_intensive_vitamin_c_peel_pads_with_ferulic_acid_vitamin_e,dermadoctor,treatment,dermadoctor_kakadu_c_intensive_vitamin_c_peel_pads_with_ferulic_acid_vitamin_e,,,,,,,,,,"Glycolic Acid;Rose Centifolia Flower Water;Lactic Acid;Potassium Hydroxide;Mandelic Acid;Hyaluronic Acid;Polysorbate 20;SD Alcohol 40-B;Glycerin;Terminalia Ferdinandiana Fruit Extract;Microcitrus Australasica Fruit Extract;Salix Nigra (Willow) Bark Extract;Malic Acid;Algae Extract;Superoxide Dismutase;Camellia Oleifera (Green Tea) Leaf Extract;Camellia Sinensis (White Tea) Leaf Extract;Aloe Barbadensis Leaf Juice;Squalane;Papain;Ferulic Acid;Vitamin E Acetate;Oleanolic Acid;Enantia Chlorantha Bark Extract;Phenoxyethanol;Potassium Sorbate;Ethylhexylglycerin;Butylene Glycol;Sodium Benzoate;Citric Acid,",0.0,42.0,5949.0,4.7619,,,,11.34,0.71,treatment,nan
Treatment,BELIF,Hydra Sebum Control Essence,42,4.3,"Water, Citrus Unshiu Peel Extract, Dipropylene Glycol, Cyclopentasiloxane, 1,2-Hexanediol, Polymethyl Methacrylate, Dimethicone, Glycerin, Triethylhexanoin, Biosaccharide Gum-1, Butylene Glycol, Avena Sativa (Oat) Kernel Extract, Calendula Officinalis Flower Extract, Nepeta Cataria Extract, Rubus Idaeus (Raspberry) Leaf Extract, Baptisia Tinctoria Root Extract, *Stellaria Media (Chickweed) Extract, Silica, Acrylates/C10-30 Alkyl Acrylate Crosspolymer, Tromethamine, PEG-40 Hydrogenated Castor Oil, Sodium Acrylate/Sodium Acryloyldimethyl Taurate Copolymer, Montmorillonite, Hydroxyethyl Acrylate/Sodium Acryloydimethyl Taurate Copolymer, Trisodium EDTA, Isohexadecane, +Fragrance, Citral, Citronnellol, Limonene, Geraniol, Linalool.",0,0,0,0,0,hydra_sebum_control_essence,belif,treatment,belif_hydra_sebum_control_essence,0.0,57.0,7768.0,4.2807,1.68,Moisturizers,25.0,7.51,0.73,"Citrus Unshiu Peel Extract;Dipropylene Glycol;Cyclopentasiloxane;1,2-Hexanediol;Polymethyl Methacrylate;Dimethicone;Glycerin;Triethylhexanoin;Biosaccharide Gum-1;Butylene Glycol;Avena Sativa (Oat) Kernel Extract;Calendula Officinalis Flower Extract;Nepeta Cataria Extract;Rubus Idaeus (Raspberry) Leaf Extract;Baptisia Tinctoria Root Extract;*Stellaria Media (Chickweed) Extract;Silica;Acrylates/C10-30 Alkyl Acrylate Crosspolymer;Tromethamine;PEG-40 Hydrogenated Castor Oil;Sodium Acrylate/Sodium Acryloyldimethyl Taurate Copolymer;Montmorillonite;Hydroxyethyl Acrylate/Sodium Acryloydimethyl Taurate Copolymer;Trisodium EDTA;Isohexadecane;+Fragrance;Citral;Citronnellol;Limonene;Geraniol;Linalool,",0.0,57.0,7768.0,4.2807,1.68,Moisturizers,25.0,7.51,0.73,treatment,Medium (7k - 13k)
Treatment,CLINIQUE,Acne Solutions All-Over Clearing Treatment Oil-Free,24,4.0,"Water , Cyclopentasiloxane , Butylene Glycol , Ceteareth-20 , Dimethicone , Sucrose , Camellia Sinensis (Green Tea) Leaf Extract , Hordeum Vulgare (Barley) Extract/Extrait D'Orge , Acetyl Glucosamine , Lactobacillus Ferment , Poria Cocos Sclerotium Extract , Laminaria Saccharina Extract , Polymethyl Methacrylate , Gentiana Lutea (Gentian) Root Extract , Helianthus Annuus (Sunflower) Seedcake , Saccharomyces Lysate Extract , Astrocaryum Murumuru Butter , Acrylamide/Sodium Acryloyldimethyltaurate Copolymer , Myristyl Alcohol , Glycerin , Zeolite , Algae Extract , Linoleic Acid , 10-Hydroxydecanoic Acid , Cucumis Sativus (Cucumber) Fruit Extract , Caffeine , Cholesterol , Tocopheryl Acetate , Bisabolol , Longifolene , Polysorbate 80 , Sodium Hyaluronate , Beta-Caryophyllene , Propylene Glycol Dicaprate , Capryloyl Glycine , Quaternium-22 , Mentha Piperita (Peppermint) , Perilla Aldehyde , Caprylyl Glycol , Isohexadecane , Xanthan Gum , Disodium Edta , Chloroxylenol , Phenoxyethanol , Titanium Dioxide (Ci 77891)",0,0,0,0,0,acne_solutions_all_over_clearing_treatment_oil_free,clinique,treatment,clinique_acne_solutions_all_over_clearing_treatment_oil_free,,,,,,,,,,Cyclopentasiloxane;Butylene Glycol;Ceteareth-20;Dimethicone;Sucrose;Camellia Sinensis (Green Tea) Leaf Extract;Hordeum Vulgare (Barley) Extract/Extrait D'Orge;Acetyl Glucosamine;Lactobacillus Ferment;Poria Cocos Sclerotium Extract;Laminaria Saccharina Extract;Polymethyl Methacrylate;Gentiana Lutea (Gentian) Root Extract;Helianthus Annuus (Sunflower) Seedcake;Saccharomyces Lysate Extract;Astrocaryum Murumuru Butter;Acrylamide/Sodium Acryloyldimethyltaurate Copolymer;Myristyl Alcohol;Glycerin;Zeolite;Algae Extract;Linoleic Acid;10-Hydroxydecanoic Acid;Cucumis Sativus (Cucumber) Fruit Extract;Caffeine;Cholesterol;Tocopheryl Acetate;Bisabolol;Longifolene;Polysorbate 80;Sodium Hyaluronate;Beta-Caryophyllene;Propylene Glycol Dicaprate;Capryloyl Glycine;Quaternium-22;Mentha Piperita (Peppermint);Perilla Aldehyde;Caprylyl Glycol;Isohexadecane;Xanthan Gum;Disodium Edta;Chloroxylenol;Phenoxyethanol;Titanium Dioxide (Ci 77891),,,,,,,,,,treatment,nan
Treatment,BOSCIA,Clear Complexion Moisturizer,36,3.6,"Water, Butylene Glycol, Isononyl Isononanoate, Pentylene Glycol, DiisopropylAdipate 6938-94-9, Silica, Cellulose, Steareth-2, Sclerotium Gum, Isopropyl Myristate, Argania Spinosa Kernel Oil, Steareth-21, Polyglyceryl-10 Stearate, Glycerin, Decylene Glycol, Phyllostachys Bambusoides Extract, Hydroxyethyl Acrylate/Sodium Acryloyldimethyl Taurate Copolymer, Polysorbate 20, Lonicera Japonica (Honeysuckle) Flower Extract, Vaccinium Myrtillus Fruit Extract, Salix Nigra (Willow) Bark Extract, Squalane, Sesamum Indicum (Sesame) Seed Oil, Lonicera Caprifolium (Honeysuckle) Flower Extract, Saccharum Officinarum (Sugar Cane) Extract, Polysorbate 60, L-Alanyl-L-Glutamine, Diglycerin, Citrus Limon (Lemon) Fruit Extract, Citrus Aurantuim Dulcis (Orange) Fruit Extract, Simmondsia Chinensis (Jojoba) Seed Extract, Serenoa Serrulata Fruit Extract, Beta-Sitosterol, Epilobium Angustifolium Flower/Leaf/Stem Extract, Acer Saccharum (Sugar Maple) Extract, Rosmarinus Officinalis (Rosemary) Leaf Oil, Aluminum Hydroxide, Stearic Acid, Tocopherol, Pinus Pinaster Bark Extract, Avena Sativa (Oat) Kernel Extract, Pelargonium Graveolens Flower Oil, Citrus Aurantium Dulcis (Orange) Peel Oil, Lavandula Angustifolia (Lavender) Oil, Eugenia Caryophyllus (Clove) Leaf Oil, Titanium Dioxide (Ci 77891).",1,1,1,1,1,clear_complexion_moisturizer,boscia,treatment,boscia_clear_complexion_moisturizer,,,,,,,,,,"Butylene Glycol;Isononyl Isononanoate;Pentylene Glycol;DiisopropylAdipate 6938-94-9;Silica;Cellulose;Steareth-2;Sclerotium Gum;Isopropyl Myristate;Argania Spinosa Kernel Oil;Steareth-21;Polyglyceryl-10 Stearate;Glycerin;Decylene Glycol;Phyllostachys Bambusoides Extract;Hydroxyethyl Acrylate/Sodium Acryloyldimethyl Taurate Copolymer;Polysorbate 20;Lonicera Japonica (Honeysuckle) Flower Extract;Vaccinium Myrtillus Fruit Extract;Salix Nigra (Willow) Bark Extract;Squalane;Sesamum Indicum (Sesame) Seed Oil;Lonicera Caprifolium (Honeysuckle) Flower Extract;Saccharum Officinarum (Sugar Cane) Extract;Polysorbate 60;L-Alanyl-L-Glutamine;Diglycerin;Citrus Limon (Lemon) Fruit Extract;Citrus Aurantuim Dulcis (Orange) Fruit Extract;Simmondsia Chinensis (Jojoba) Seed Extract;Serenoa Serrulata Fruit Extract;Beta-Sitosterol;Epilobium Angustifolium Flower/Leaf/Stem Extract;Acer Saccharum (Sugar Maple) Extract;Rosmarinus Officinalis (Rosemary) Leaf Oil;Aluminum Hydroxide;Stearic Acid;Tocopherol;Pinus Pinaster Bark Extract;Avena Sativa (Oat) Kernel Extract;Pelargonium Graveolens Flower Oil;Citrus Aurantium Dulcis (Orange) Peel Oil;Lavandula Angustifolia (Lavender) Oil;Eugenia Caryophyllus (Clove) Leaf Oil;Titanium Dioxide (Ci 77891),",,,,,,,,,,treatment,nan
Treatment,MURAD,Intensive-C® Radiance Peel,55,4.5,"Water, Kaolin, Synthetic Beeswax, Glycerin, Glycolic Acid, Ethyl Ester of PVM/MA Copolymer, Cetearyl Alcohol, Pentylene Glycol, Sodium Ascorbyl Phosphate, Urea, Yeast Amino Acids, Trehalose, Inositol, Taurine, Betaine, Tocopheryl Acetate, Ethylhexyl Palmitate, Silica Dimethyl Silylate, Sodium Hyaluronate, Hydrolyzed Opuntia Ficus Indica Flower Extract, Hydrolyzed Myrtus Communis Leaf Extract, Dipotassium Glycyrrhizate, Butylene Glycol, Fomes Officinalis (Mushroom) Extract, Cimicifuga Racemosa Root Extract, Ascorbic Acid, Chitosan, Propyl Gallate, Zinc Gluconate, Methyl Diisopropyl Propionamide, Ethyl Menthane Carboxamide, Menthyl Lactate, Hydrated Silica, Lauryl Laurate, Zea Mays (Corn) Starch, Hydrolyzed Corn Starch Octenylsuccinate, Hydrolyzed Corn Starch, Aminomethyl Propanol, Hydroxyethyl Acrylate/Sodium Acryloyldimethyl Taurate Copolymer, Ceteareth-20, Hydroxyethylcellulose, Sodium Hydroxide, Disodium EDTA, Phenoxyethanol, Caprylyl Glycol, Chlorphenesin, Limonene, Citrus Aurantium Dulcis (Orange) Peel Oil, Citrus Nobilis (Mandarin Orange) Peel Oil, Ocimum Basilicum (Basil) Oil, Citrus Grandis (Grapefruit) Peel Oil, Ferula Galbaniflua (Galbanum) Resin Oil.",0,0,0,0,0,intensive_c_radiance_peel,murad,treatment,murad_intensive_c_radiance_peel,,,,,,,,,,"Kaolin;Synthetic Beeswax;Glycerin;Glycolic Acid;Ethyl Ester of PVM/MA Copolymer;Cetearyl Alcohol;Pentylene Glycol;Sodium Ascorbyl Phosphate;Urea;Yeast Amino Acids;Trehalose;Inositol;Taurine;Betaine;Tocopheryl Acetate;Ethylhexyl Palmitate;Silica Dimethyl Silylate;Sodium Hyaluronate;Hydrolyzed Opuntia Ficus Indica Flower Extract;Hydrolyzed Myrtus Communis Leaf Extract;Dipotassium Glycyrrhizate;Butylene Glycol;Fomes Officinalis (Mushroom) Extract;Cimicifuga Racemosa Root Extract;Ascorbic Acid;Chitosan;Propyl Gallate;Zinc Gluconate;Methyl Diisopropyl Propionamide;Ethyl Menthane Carboxamide;Menthyl Lactate;Hydrated Silica;Lauryl Laurate;Zea Mays (Corn) Starch;Hydrolyzed Corn Starch Octenylsuccinate;Hydrolyzed Corn Starch;Aminomethyl Propanol;Hydroxyethyl Acrylate/Sodium Acryloyldimethyl Taurate Copolymer;Ceteareth-20;Hydroxyethylcellulose;Sodium Hydroxide;Disodium EDTA;Phenoxyethanol;Caprylyl Glycol;Chlorphenesin;Limonene;Citrus Aurantium Dulcis (Orange) Peel Oil;Citrus Nobilis (Mandarin Orange) Peel Oil;Ocimum Basilicum (Basil) Oil;Citrus Grandis (Grapefruit) Peel Oil;Ferula Galbaniflua (Galbanum) Resin Oil,",0.0,155.0,14747.0,4.4839,1.7,,34.12,2.89,1.05,treatment,nan
Treatment,ALGENIST,GENIUS Ultimate Anti-Aging Bi-Phase Peel,85,4.6,"Water, Isohexadecane, Glycolic Acid, Chlorella Protothecoides Oil, Olea Europaea (Olive) Fruit Oil, Sodium Hydroxide, Butylene Glycol, Glycerin, Algae Exopolysaccharides, Shikimic Acid, Menthyl Ethylamido Oxalate, Salicylic Acid, Plukenetia Volubilis Seed Oil, Niacinamide, Pentylene Glycol, Dextrin, Polydextrose, Algae Extract, Sorbitol, Oleyl Alcohol, Propanediol, Crithmum Maritimum Extract, Amylopectin, Phenoxyethanol, Benzyl Alcohol, Disodium EDTA-Copper, Haematococcus Pluvialis Extract, Potassium Sorbate, Zanthoxylum Bungeanum Fruit Extract, Disodium EDTA, Caprylic/Capric Triglyceride, Hydrogenated Vegetable Oil, Passiflora Incarnata Flower Extract, Oenothera Rosea Extract, Sea Water Extract, Tocopherol, Sodium Benzoate, Fragrance.",0,0,0,0,0,genius_ultimate_anti_aging_bi_phase_peel,algenist,treatment,algenist_genius_ultimate_anti_aging_bi_phase_peel,0.0,91.0,6992.0,4.6484,1.69,Treatments,50.3,5.11,1.3,"Isohexadecane;Glycolic Acid;Chlorella Protothecoides Oil;Olea Europaea (Olive) Fruit Oil;Sodium Hydroxide;Butylene Glycol;Glycerin;Algae Exopolysaccharides;Shikimic Acid;Menthyl Ethylamido Oxalate;Salicylic Acid;Plukenetia Volubilis Seed Oil;Niacinamide;Pentylene Glycol;Dextrin;Polydextrose;Algae Extract;Sorbitol;Oleyl Alcohol;Propanediol;Crithmum Maritimum Extract;Amylopectin;Phenoxyethanol;Benzyl Alcohol;Disodium EDTA-Copper;Haematococcus Pluvialis Extract;Potassium Sorbate;Zanthoxylum Bungeanum Fruit Extract;Disodium EDTA;Caprylic/Capric Triglyceride;Hydrogenated Vegetable Oil;Passiflora Incarnata Flower Extract;Oenothera Rosea Extract;Sea Water Extract;Tocopherol;Sodium Benzoate;Fragrance,",0.0,91.0,6992.0,4.6484,1.69,Treatments,50.3,5.11,1.3,treatment,Low (3k - 7k)
Treatment,DR. BRANDT SKINCARE,Power Dose Vitamin C,69,4.4,"Water, 3-0-Ethyl Ascorbic Acid, Butylene Glycol, Glycerin, Ascorbyl Methylsilanol Pectinate, Xanthan Gum, Disodium Edta, Dipotassium Phosphate, Pentasodium Pentetate, Terminalia Ferdinandiana Fruit Extract, Sodium Phytate, Ppg-26-Buteth-26, Phenoxyethanol, Chlorphenesin, Citric Acid, Peg-40 Hydrogenated Castor Oil, Ethylhexylglycerin, Methylpropanediol.",1,1,1,1,0,power_dose_vitamin_c,dr._brandt_skincare,treatment,dr._brandt_skincare_power_dose_vitamin_c,0.0,21.0,3861.0,4.381,0.55,Treatments,125.45,20.86,0.54,"3-0-Ethyl Ascorbic Acid;Butylene Glycol;Glycerin;Ascorbyl Methylsilanol Pectinate;Xanthan Gum;Disodium Edta;Dipotassium Phosphate;Pentasodium Pentetate;Terminalia Ferdinandiana Fruit Extract;Sodium Phytate;Ppg-26-Buteth-26;Phenoxyethanol;Chlorphenesin;Citric Acid;Peg-40 Hydrogenated Castor Oil;Ethylhexylglycerin;Methylpropanediol,",0.0,21.0,3861.0,4.381,0.55,Treatments,125.45,20.86,0.54,treatment,Low (3k - 7k)
Treatment,ALGENIST,REVEAL Concentrated Color Correcting Drops,38,3.8,"Water, Dimethicone, Mica, Nylon-12, PEG-10 Dimethicone, Talc, Titanium Dioxide, Glycerin, Acrylates/Dimethicone Copolymer, Cetyl PEG/PPG-10/1 Dimethicone, Algae Exopolysaccharides, Chlorella Protothecoides Oil, Dunaliella Salina Extract, Haematococcus Pluvialis Extract, Undaria Pinnatifida Extract, HDI/Trimethylol Hexyllactone Crosspolymer, Isododecane, Magnesium Sulfate, Silica, Methicone, Hydrogen Dimethicone, Triethoxycaprylylsilane, Disteardimonium Hectorite, Propylene Carbonate, Caprylic/ Capric Triglyceride, PEG-8 Distearmonium Chloride PG-Dimethicone, Aluminum Hydroxide, Sodium Chloride, Hexylene Glycol, Pongamia Glabra Seed Oil, Ethylhexylglycerin, Sodium Dehydroacetate, Benzoic Acid, Dehydroacetic Acid, Phenoxyethanol, Chromium Oxide Greens (CI 77288), Iron Oxides (CI 77492, CI 77499), Titanium Oxide (CI 77891).",0,0,0,0,0,reveal_concentrated_color_correcting_drops,algenist,treatment,algenist_reveal_concentrated_color_correcting_drops,0.0,252.0,13609.0,3.75789999999999,0.5,Treatments,76.0,1.49,1.85,"Dimethicone;Mica;Nylon-12;PEG-10 Dimethicone;Talc;Titanium Dioxide;Glycerin;Acrylates/Dimethicone Copolymer;Cetyl PEG/PPG-10/1 Dimethicone;Algae Exopolysaccharides;Chlorella Protothecoides Oil;Dunaliella Salina Extract;Haematococcus Pluvialis Extract;Undaria Pinnatifida Extract;HDI/Trimethylol Hexyllactone Crosspolymer;Isododecane;Magnesium Sulfate;Silica;Methicone;Hydrogen Dimethicone;Triethoxycaprylylsilane;Disteardimonium Hectorite;Propylene Carbonate;Caprylic/ Capric Triglyceride;PEG-8 Distearmonium Chloride PG-Dimethicone;Aluminum Hydroxide;Sodium Chloride;Hexylene Glycol;Pongamia Glabra Seed Oil;Ethylhexylglycerin;Sodium Dehydroacetate;Benzoic Acid;Dehydroacetic Acid;Phenoxyethanol;Chromium Oxide Greens (CI 77288);Iron Oxides (CI 77492;CI 77499);Titanium Oxide (CI 77891),",0.0,252.0,13609.0,3.75789999999999,0.5,Treatments,76.0,1.49,1.85,treatment,High (13k - 26k)
Treatment,FRESH,Crème Ancienne® Supreme Face Serum,240,4.8,"Zingiber Officinale (Ginger) Water, Water, Glycerin, Squalane, Butylene Glycol, Limnanthes Alba (Meadowfoam) Seed Oil, Pentylene Glycol, Polyglycerin-3, Steareth-21, Glyceryl Stearate, Helianthus Annuus (Sunflower) Seed Oil, Zingiber Zerumbet Extract, Panax Notoginseng Root Extract, Alpinia Galanga Leaf Extract, Commiphora Mukul Resin Extract, Echinacea Purpurea Extract, Calophyllum Inophyllum Seed Oil, Zingiber Officinale (Ginger) Root Extract, Panax Ginseng Root Extract, Adenosine, Tocopherol, Steareth-2, Caprylic/Capric Triglyceride, Polyacrylamide, Acrylates/C10-30 Alkyl Acrylate Crosspolymer, C13-14 Isoparaffin, Fragrance, Xanthan Gum, Tromethamine, Tetrasodium EDTA, Caramel, Laureth-7, BHT, Sodium Metabisulfite, Phenoxyethanol, Benzyl Salicylate.",1,1,1,1,1,crème_ancienne_supreme_face_serum,fresh,treatment,fresh_crème_ancienne_supreme_face_serum,,,,,,,,,,"Zingiber Officinale (Ginger) Water;Glycerin;Squalane;Butylene Glycol;Limnanthes Alba (Meadowfoam) Seed Oil;Pentylene Glycol;Polyglycerin-3;Steareth-21;Glyceryl Stearate;Helianthus Annuus (Sunflower) Seed Oil;Zingiber Zerumbet Extract;Panax Notoginseng Root Extract;Alpinia Galanga Leaf Extract;Commiphora Mukul Resin Extract;Echinacea Purpurea Extract;Calophyllum Inophyllum Seed Oil;Zingiber Officinale (Ginger) Root Extract;Panax Ginseng Root Extract;Adenosine;Tocopherol;Steareth-2;Caprylic/Capric Triglyceride;Polyacrylamide;Acrylates/C10-30 Alkyl Acrylate Crosspolymer;C13-14 Isoparaffin;Fragrance;Xanthan Gum;Tromethamine;Tetrasodium EDTA;Caramel;Laureth-7;BHT;Sodium Metabisulfite;Phenoxyethanol;Benzyl Salicylate,",0.0,5.0,1851.0,4.0,0.5,,336.0,80.0,0.27,treatment,nan
Treatment,KATE SOMERVILLE,EradiKate™ Mask Foam-Activated Acne Treatment,54,4.2,"Water, Sodium C14-16 Olefin Sulfonate, Coco-Glucoside, Sodium Cocoamphoacetate, Acrylates Copolymer, Coconut Alcohol, Glycereth-18 Ethylhexanoate, Propanediol, Glycereth-18, Ethyl Perfluorobutyl Ether, Ethyl Perfluoroisobutyl Ether, Stearyl Alcohol, Titanium Dioxide (CI 77891), Phenoxyethanol, Cocamidopropyl Hydroxysultaine, Behenyl Alcohol, Butylene Glycol, Fragrance, Sodium Chloride, Citric Acid, Glycerin, Sodium Hydroxide, Linalool, Xanthan Gum, Disodium EDTA, Ethylhexylglycerin, Iron Oxides (CI 77491), Sodium Benzoate, Avena Sativa (Oat) Kernel Extract, Boswellia Serrata Extract, Honey Extract, Oryza Sativa (Rice) Bran Extract, Limonene, Disodium Carboxyethyl Siliconate, Potassium Sorbate, Oligopeptide-10.",0,0,0,0,0,eradikate_mask_foam_activated_acne_treatment,kate_somerville,treatment,kate_somerville_eradikate_mask_foam_activated_acne_treatment,,,,,,,,,,"Sodium C14-16 Olefin Sulfonate;Coco-Glucoside;Sodium Cocoamphoacetate;Acrylates Copolymer;Coconut Alcohol;Glycereth-18 Ethylhexanoate;Propanediol;Glycereth-18;Ethyl Perfluorobutyl Ether;Ethyl Perfluoroisobutyl Ether;Stearyl Alcohol;Titanium Dioxide (CI 77891);Phenoxyethanol;Cocamidopropyl Hydroxysultaine;Behenyl Alcohol;Butylene Glycol;Fragrance;Sodium Chloride;Citric Acid;Glycerin;Sodium Hydroxide;Linalool;Xanthan Gum;Disodium EDTA;Ethylhexylglycerin;Iron Oxides (CI 77491);Sodium Benzoate;Avena Sativa (Oat) Kernel Extract;Boswellia Serrata Extract;Honey Extract;Oryza Sativa (Rice) Bran Extract;Limonene;Disodium Carboxyethyl Siliconate;Potassium Sorbate;Oligopeptide-10,",0.0,159.0,12390.0,4.1132,2.0,,27.0,2.59,1.28,treatment,nan
Treatment,PERRICONE MD,High Potency Classics: Hyaluronic Intensive Moisturizer,69,4.5,Visit the Perricone MD boutique,0,0,0,0,0,high_potency_classics:_hyaluronic_intensive_moisturizer,perricone_md,treatment,perricone_md_high_potency_classics:_hyaluronic_intensive_moisturizer,0.0,265.0,4266.0,4.4604,1.0,Moisturizers,69.0,1.68,6.21,Visit the Perricone MD boutique,0.0,265.0,4266.0,4.4604,1.0,Moisturizers,69.0,1.68,6.21,moisturizer,Low (3k - 7k)
Treatment,ALGENIST,Concentrated Reconstructing Serum,98,4.2,"Water, Dimethicone, Isononyl Isononanoate, Pentylene Glycol, Glycerin, Saccharum Officinarum Extract, Caprylic/Capric Triglyceride, Butylene Glycol, Glyceryl Stearate, Hydroxyphenoxy Propionic Acid, PEG-100 Stearate, Niacinamide, Algae Exopolysaccharides, Tetrapeptide-21, Beta-Glucan, Algae Extract, Camellia Sinensis (Green Tea) Leaf Extract, Citrus Aurantium Dulcis (Orange) Fruit Extract, Citrus Medica Limonum (Lemon) Fruit Extract, Pyrus Malus (Apple) Fruit Extract, Malus Domestica Fruit (Apple) Cell Culture Extract, Inula Crithmoide Extract, Bambusa Vulgaris (Bamboo) Leaf/Stem Extract, Glucosamine HCL, Pisum Sativum (Pea) Extract, Ergothioneine, Cetearyl Alcohol, Lecithin, Sorbitol, Xanthan Gum, Ethylhexylglycerin, Caprylyl Glycol, Ceteareth-20, Sclerotium Gum, Propanediol, Sodium Hydroxide, Hexylene Glycol, Sodium Benzoate, Disodium EDTA, 1,2-Hexanediol, Benzoic Acid, Potassium Sorbate, Citral, Fragrance (Parfum), Phenoxyethanol.",0,0,0,0,0,concentrated_reconstructing_serum,algenist,treatment,algenist_concentrated_reconstructing_serum,0.0,293.0,5030.0,4.2082,1.0,Treatments,98.0,1.44,5.83,"Dimethicone;Isononyl Isononanoate;Pentylene Glycol;Glycerin;Saccharum Officinarum Extract;Caprylic/Capric Triglyceride;Butylene Glycol;Glyceryl Stearate;Hydroxyphenoxy Propionic Acid;PEG-100 Stearate;Niacinamide;Algae Exopolysaccharides;Tetrapeptide-21;Beta-Glucan;Algae Extract;Camellia Sinensis (Green Tea) Leaf Extract;Citrus Aurantium Dulcis (Orange) Fruit Extract;Citrus Medica Limonum (Lemon) Fruit Extract;Pyrus Malus (Apple) Fruit Extract;Malus Domestica Fruit (Apple) Cell Culture Extract;Inula Crithmoide Extract;Bambusa Vulgaris (Bamboo) Leaf/Stem Extract;Glucosamine HCL;Pisum Sativum (Pea) Extract;Ergothioneine;Cetearyl Alcohol;Lecithin;Sorbitol;Xanthan Gum;Ethylhexylglycerin;Caprylyl Glycol;Ceteareth-20;Sclerotium Gum;Propanediol;Sodium Hydroxide;Hexylene Glycol;Sodium Benzoate;Disodium EDTA;1,2-Hexanediol;Benzoic Acid;Potassium Sorbate;Citral;Fragrance (Parfum);Phenoxyethanol,",0.0,293.0,5030.0,4.2082,1.0,Treatments,98.0,1.44,5.83,treatment,Low (3k - 7k)
Treatment,PETER THOMAS ROTH,FIRMx Growth Factor Extreme Neuropeptide Serum,150,4.2,"Water, Glycerin, Caprylic/Capric Triglyceride, Butylene Glycol, Cyclopentasiloxane, Squalane, Dimethicone, Silica, Ethylhexyl Cocoate, Glutamylamidoethyl Indole, Pyroglutamylamidoethyl Indole, Palmitoyl Hexapeptide-19, Hexapeptide-10, Myristoyl Octapeptide-1, Acetyl Hexapeptide-30, Acetyl Dipeptide-1 Cetyl Ester, Sodium Hyaluronate, Sodium Pca, Tocopheryl Acetate, Retinyl Palmitate, Ascorbic Acid, Trehalose, Arginine, Biotin, Quercus Suber Bark Extract, Urea, Octyldodecanol, Sodium Propoxyhydroxypropyl Thiosulfate Silica, Hydrolyzed Oats, Dimethiconol, Dimethylmethoxy Chromanyl Palmitate, Peg-8 Dimethicone, Isohexadecane, Sodium Acrylate/Sodium Acryloyldimethyl Taurate Copolymer, Laureth-3, Ammonium Polyacryloyldimethyl Taurate, Hydroxyethylcellulose, Polyurethane-40, Polyquaternium-51, Polysilicone-11, Dextran, Carbomer, Acrylates Copolymer, Dipropylene Glycol, Hexylene Glycol, Polysorbate 80, Sorbitan Oleate, Polysorbate 20, Mica, Triacetin, Sorbic Acid, Sodium Benzoate, Potassium Sorbate, Caprylyl Glycol, Phenoxyethanol.",0,0,0,0,0,firmx_growth_factor_extreme_neuropeptide_serum,peter_thomas_roth,treatment,peter_thomas_roth_firmx_growth_factor_extreme_neuropeptide_serum,0.0,112.0,2847.0,4.1607,1.0,Treatments,150.0,3.71,3.93,"Glycerin;Caprylic/Capric Triglyceride;Butylene Glycol;Cyclopentasiloxane;Squalane;Dimethicone;Silica;Ethylhexyl Cocoate;Glutamylamidoethyl Indole;Pyroglutamylamidoethyl Indole;Palmitoyl Hexapeptide-19;Hexapeptide-10;Myristoyl Octapeptide-1;Acetyl Hexapeptide-30;Acetyl Dipeptide-1 Cetyl Ester;Sodium Hyaluronate;Sodium Pca;Tocopheryl Acetate;Retinyl Palmitate;Ascorbic Acid;Trehalose;Arginine;Biotin;Quercus Suber Bark Extract;Urea;Octyldodecanol;Sodium Propoxyhydroxypropyl Thiosulfate Silica;Hydrolyzed Oats;Dimethiconol;Dimethylmethoxy Chromanyl Palmitate;Peg-8 Dimethicone;Isohexadecane;Sodium Acrylate/Sodium Acryloyldimethyl Taurate Copolymer;Laureth-3;Ammonium Polyacryloyldimethyl Taurate;Hydroxyethylcellulose;Polyurethane-40;Polyquaternium-51;Polysilicone-11;Dextran;Carbomer;Acrylates Copolymer;Dipropylene Glycol;Hexylene Glycol;Polysorbate 80;Sorbitan Oleate;Polysorbate 20;Mica;Triacetin;Sorbic Acid;Sodium Benzoate;Potassium Sorbate;Caprylyl Glycol;Phenoxyethanol,",0.0,112.0,2847.0,4.1607,1.0,Treatments,150.0,3.71,3.93,treatment,Very Low (0 - 3k)
Treatment,CLARINS,Mission Perfection Serum,74,4.1,"Water, Glycerin, Butylene Glycol, Caprylic/Capric Triglyceride, Isononyl Isononanoate, Cetearyl Ethylhexanoate, C14-22 Alcohols, Dimethicone, Pentylene Glycol Glyceryl Stearate, PEG-100 Stearate, PEG-8, Cetyl Alcohol, Hexylresorcinol, Methyl Methacrylate Crosspolymer, CI 77891/Titanium Dioxide, Sodium Polyacrylate, C12-20 Alkyl Glucoside, Silica, Phenoxyethanol, Polymethyl Methacrylate, Potassium Cetyl Phosphate, Mica, Parfum/Fragrance, Ethylhexylglycerin, Polyacrylamide, Sodium Hyaluronate, Xanthan Gum, Tartaric Acid, Atractyloides Lancea Root Extract, C13-14 Isoparaffin, Disodium EDTA, Caprylyl Glycol, Propylene Glycol, Tamarindus Indica Extract, Spergularia Rubra Extract, Laureth-7, Tocopherol, Malpighia Emarginata (Acerola) Fruit Extract, Ginkgo Biloba Leaf Extract, CI 15985/Yellow 6, CI 14700/Red 4, Sorbic Acid, Sodium Benzoate, Ascorbic Acid.",0,0,0,0,0,mission_perfection_serum,clarins,treatment,clarins_mission_perfection_serum,0.0,47.0,3109.0,4.0851,1.0,Treatments,74.0,8.69,1.51,"Glycerin;Butylene Glycol;Caprylic/Capric Triglyceride;Isononyl Isononanoate;Cetearyl Ethylhexanoate;C14-22 Alcohols;Dimethicone;Pentylene Glycol Glyceryl Stearate;PEG-100 Stearate;PEG-8;Cetyl Alcohol;Hexylresorcinol;Methyl Methacrylate Crosspolymer;CI 77891/Titanium Dioxide;Sodium Polyacrylate;C12-20 Alkyl Glucoside;Silica;Phenoxyethanol;Polymethyl Methacrylate;Potassium Cetyl Phosphate;Mica;Parfum/Fragrance;Ethylhexylglycerin;Polyacrylamide;Sodium Hyaluronate;Xanthan Gum;Tartaric Acid;Atractyloides Lancea Root Extract;C13-14 Isoparaffin;Disodium EDTA;Caprylyl Glycol;Propylene Glycol;Tamarindus Indica Extract;Spergularia Rubra Extract;Laureth-7;Tocopherol;Malpighia Emarginata (Acerola) Fruit Extract;Ginkgo Biloba Leaf Extract;CI 15985/Yellow 6;CI 14700/Red 4;Sorbic Acid;Sodium Benzoate;Ascorbic Acid,",0.0,47.0,3109.0,4.0851,1.0,Treatments,74.0,8.69,1.51,treatment,Very Low (0 - 3k)
Treatment,BOSCIA,Clear Complexion Willow Bark Spot Treatment,18,3.8,"Water, Butylene Glycol, Salix Nigra (Willow) Bark Extract, Glycerin, Pentylene Glycol, PEG-75, Rosmarinus Officinalis (Rosemary) Leaf Extract, Althaea Officinalis Root Extract, Lavandula Angustifolia (Lavender) Extract, Phellodendron Amurense Bark Extract, Simmondsia Chinensis (Jojoba) Seed Extract, Citrus Aurantium Dulcis (Orange) Oil, Gardenia Florida Flower Extract, Lavandula Angustifolia (Lavender) Oil, Eucalyptus Globulus Leaf Oil, Pelargonium Graveolens Flower Oil, Eugenia Caryophyllus (Clove) Leaf Oil, Epilobium Angustifolium Flower/Leaf/Stem Extract, Carbomer, Xanthan Gum, PEG-60 Hydrogenated Castor Oil, Potassium Ascorbyl Tocopheryl Phosphate, Potassium Hydroxide, Tropolone, 1,2-Hexanediol, Caprylyl Glycol.",0,0,0,0,0,clear_complexion_willow_bark_spot_treatment,boscia,treatment,boscia_clear_complexion_willow_bark_spot_treatment,1.0,656.0,10725.0,3.8125,0.14,Treatments,128.57,0.58,6.12,"Butylene Glycol;Salix Nigra (Willow) Bark Extract;Glycerin;Pentylene Glycol;PEG-75;Rosmarinus Officinalis (Rosemary) Leaf Extract;Althaea Officinalis Root Extract;Lavandula Angustifolia (Lavender) Extract;Phellodendron Amurense Bark Extract;Simmondsia Chinensis (Jojoba) Seed Extract;Citrus Aurantium Dulcis (Orange) Oil;Gardenia Florida Flower Extract;Lavandula Angustifolia (Lavender) Oil;Eucalyptus Globulus Leaf Oil;Pelargonium Graveolens Flower Oil;Eugenia Caryophyllus (Clove) Leaf Oil;Epilobium Angustifolium Flower/Leaf/Stem Extract;Carbomer;Xanthan Gum;PEG-60 Hydrogenated Castor Oil;Potassium Ascorbyl Tocopheryl Phosphate;Potassium Hydroxide;Tropolone;1,2-Hexanediol;Caprylyl Glycol,",1.0,656.0,10725.0,3.8125,0.14,Treatments,128.57,0.58,6.12,treatment,Medium (7k - 13k)
Treatment,FRESH,Crème Ancienne Face Oil Elixir,265,3.6,"Limnanthes Alba (Meadowfoam) Seed Oil, Simmondsia Chinensis (Jojoba) Seed Oil, Triticum Vulgare (Wheat) Germ Oil, Ribes Nigrum (Black Currant) Seed Oil, Hippophae Rhamnoides Oil, Commiphora Mukul Resin Extract, Helianthus Annuus (Sunflower) Seed Oil, Rosmarinus Officinalis (Rosemary) Leaf Extract, Ascorbyl Palmitate, Caprylic/Capric Triglyceride, Dipalmitoyl Hydroxyproline, Palmitic Acid.",1,1,1,1,1,crème_ancienne_face_oil_elixir,fresh,treatment,fresh_crème_ancienne_face_oil_elixir,,,,,,,,,,"Limnanthes Alba (Meadowfoam) Seed Oil;Simmondsia Chinensis (Jojoba) Seed Oil;Triticum Vulgare (Wheat) Germ Oil;Ribes Nigrum (Black Currant) Seed Oil;Hippophae Rhamnoides Oil;Commiphora Mukul Resin Extract;Helianthus Annuus (Sunflower) Seed Oil;Rosmarinus Officinalis (Rosemary) Leaf Extract;Ascorbyl Palmitate;Caprylic/Capric Triglyceride;Dipalmitoyl Hydroxyproline;Palmitic Acid,",0.0,26.0,3199.0,3.6154,1.7,,158.82,13.91,0.81,treatment,nan
Treatment,CLINIQUE,Sculptwear Lift and Contour Serum for Face and Neck,56,3.8,"Water , Butylene Glycol , Dimethicone , Jojoba Esters , Glycerin , Polysorbate 20 , Polymethylsilsesquioxane , Methyl Trimethicone , Salvia Sclarea (Clary) Extract , Coffea Arabica (Coffee) Seed Extract , Sigesbeckia Orientalis (St. Paul'S Wort) Extract , Sodium Rna , Pullulan , Pisum Sativum (Pea) Extract , Glycine Soja (Soybean) Protein , Bambusa Vulgaris (Bamboo) Extract , Porphyridium Cruentum Extract , Salicylic Acid , Algae Extract , Prunus Amygdalus Dulcis (Sweet Almond) Seed Extract , Centaurium Erythraea (Centaury) Extract , Ethylhexylglycerin , Coleus Barbatus Extract , Laminaria Digitata Extract , Caprylyl Glycol , Chlorella Vulgaris Extract , Glycine Soja (Soybean) Seed Extract , Lauryl Peg-9 Polydimethylsiloxyethyl Dimethicone , Palmitoyl Hexapeptide-12 , Acetyl Hexapeptide-8 , Caffeine , Yeast Extract/Faex/Extrait De Levure , Sodium Hyaluronate , Glyceryl Polymethacrylate , Hydroxypropyl Methylcellulose , Carbomer , Tromethamine , Ammonium Acryloyldimethyltaurate/Vp Copolymer , Peg-8 , Tetrahexyldecyl Ascorbate , Allyl Methacrylates Crosspolymer , Glucosamine Hcl , Silica , Lecithin , Phenoxyethanol",0,0,0,0,0,sculptwear_lift_and_contour_serum_for_face_and_neck,clinique,treatment,clinique_sculptwear_lift_and_contour_serum_for_face_and_neck,,,,,,,,,,"Butylene Glycol;Dimethicone;Jojoba Esters;Glycerin;Polysorbate 20;Polymethylsilsesquioxane;Methyl Trimethicone;Salvia Sclarea (Clary) Extract;Coffea Arabica (Coffee) Seed Extract;Sigesbeckia Orientalis (St, Paul'S Wort) Extract;Sodium Rna;Pullulan;Pisum Sativum (Pea) Extract;Glycine Soja (Soybean) Protein;Bambusa Vulgaris (Bamboo) Extract;Porphyridium Cruentum Extract;Salicylic Acid;Algae Extract;Prunus Amygdalus Dulcis (Sweet Almond) Seed Extract;Centaurium Erythraea (Centaury) Extract;Ethylhexylglycerin;Coleus Barbatus Extract;Laminaria Digitata Extract;Caprylyl Glycol;Chlorella Vulgaris Extract;Glycine Soja (Soybean) Seed Extract;Lauryl Peg-9 Polydimethylsiloxyethyl Dimethicone;Palmitoyl Hexapeptide-12;Acetyl Hexapeptide-8;Caffeine;Yeast Extract/Faex/Extrait De Levure;Sodium Hyaluronate;Glyceryl Polymethacrylate;Hydroxypropyl Methylcellulose;Carbomer;Tromethamine;Ammonium Acryloyldimethyltaurate/Vp Copolymer;Peg-8;Tetrahexyldecyl Ascorbate;Allyl Methacrylates Crosspolymer;Glucosamine Hcl;Silica;Lecithin;Phenoxyethanol",,,,,,,,,,treatment,nan
Treatment,JACK BLACK,Line Smoother Oil-Free Moisturizer,32,4.5,Visit the Jack Black boutique,0,0,0,0,0,line_smoother_oil_free_moisturizer,jack_black,treatment,jack_black_line_smoother_oil_free_moisturizer,0.0,40.0,2362.0,4.45,3.3,Treatments,9.7,11.12,1.69,Visit the Jack Black boutique,0.0,40.0,2362.0,4.45,3.3,Treatments,9.7,11.12,1.69,treatment,Very Low (0 - 3k)
Treatment,SEPHORA COLLECTION,3-in-1 Extractor,23,3.9,Visit the SEPHORA COLLECTION boutique,0,0,0,0,0,3_in_1_extractor,sephora_collection,treatment,sephora_collection_3_in_1_extractor,0.0,480.0,12871.0,3.8729,,Treatments,,0.81,3.73,Visit the SEPHORA COLLECTION boutique,0.0,480.0,12871.0,3.8729,,Treatments,,0.81,3.73,treatment,Medium (7k - 13k)
Treatment,DR. BRANDT SKINCARE,Do Not Age with Dr. Brandt Transforming Pearl Serum,152,4.3,"Water, Caprylic /Capric Triglyceride, Propanediol, Glycerin, Pentylene Glycol, Alcohol Denat., Apricot Kernel Oil, Phenoxyethanol, Hydroxyethylpiperazine Ethane Sulfonic Acid, Sodium Hydroxide, Xanthan Gum, Sodium Hyaluronate, Hydroxyethylcellulose, Carrageenan, Algin, Decarboxy Carnosine Hcl, Synthetic Fluorphlogopite, Butylene Glycol, Spilanthes Acmella Flower Extract, Titanium Dioxide (Ci 77891), Alaria Esculenta Extract, Geranylgeranylisopropanol, Silica, Mica, Sodium Acetate, Bht, Sodium Lauryl Sulfate, Cellulose, Citrus Aurantium Dulcis (Orange) Peel Oil, Orange Fruit Extract, Cananga Odorata Flower Oil, Vanillin, Lavandula Hybrida Oil, Litsea Cubeba Fruit Oil, Vanilla Planifolia Fruit Extract, Jasmine Flower Extract, Tin Oxide.",0,0,0,0,0,do_not_age_with_dr._brandt_transforming_pearl_serum,dr._brandt_skincare,treatment,dr._brandt_skincare_do_not_age_with_dr._brandt_transforming_pearl_serum,0.0,49.0,2350.0,4.3061,1.35,Treatments,112.59,8.79,2.09,"Caprylic /Capric Triglyceride;Propanediol;Glycerin;Pentylene Glycol;Alcohol Denat,;Apricot Kernel Oil;Phenoxyethanol;Hydroxyethylpiperazine Ethane Sulfonic Acid;Sodium Hydroxide;Xanthan Gum;Sodium Hyaluronate;Hydroxyethylcellulose;Carrageenan;Algin;Decarboxy Carnosine Hcl;Synthetic Fluorphlogopite;Butylene Glycol;Spilanthes Acmella Flower Extract;Titanium Dioxide (Ci 77891);Alaria Esculenta Extract;Geranylgeranylisopropanol;Silica;Mica;Sodium Acetate;Bht;Sodium Lauryl Sulfate;Cellulose;Citrus Aurantium Dulcis (Orange) Peel Oil;Orange Fruit Extract;Cananga Odorata Flower Oil;Vanillin;Lavandula Hybrida Oil;Litsea Cubeba Fruit Oil;Vanilla Planifolia Fruit Extract;Jasmine Flower Extract;Tin Oxide,",0.0,49.0,2350.0,4.3061,1.35,Treatments,112.59,8.79,2.09,treatment,Very Low (0 - 3k)
Treatment,OMOROVICZA,Silver Skin Savior Salicylic/Glycolic Acid Treatment,125,5.0,"Glycerin, Water, Glycolic Acid, Niacinamide, Cetearyl Olivate, Propanediol, Sorbitan Olivate, Yeast Extract, Sodium Hydroxide, Salicylic Acid, Lactic Acid, Parfum (Fragrance), Colloidal Silver, Xanthan Gum, Behenyl Alcohol, Butyrospermum Parkii (Shea Butter), Leuconostoc/Radish Root Ferment Filtrate, Phospholipids, Hydrogenated Castor Oil, Stearyl Alcohol, Protease, Subtilisin, Geraniol, Citronellol, Linalool.",0,0,0,0,0,silver_skin_savior_salicylic_glycolic_acid_treatment,omorovicza,treatment,omorovicza_silver_skin_savior_salicylic_glycolic_acid_treatment,1.0,6.0,1884.0,5.0,1.7,Treatments,55.88,83.33,0.32,"Glycerin;Glycolic Acid;Niacinamide;Cetearyl Olivate;Propanediol;Sorbitan Olivate;Yeast Extract;Sodium Hydroxide;Salicylic Acid;Lactic Acid;Parfum (Fragrance);Colloidal Silver;Xanthan Gum;Behenyl Alcohol;Butyrospermum Parkii (Shea Butter);Leuconostoc/Radish Root Ferment Filtrate;Phospholipids;Hydrogenated Castor Oil;Stearyl Alcohol;Protease;Subtilisin;Geraniol;Citronellol;Linalool,",1.0,6.0,1884.0,5.0,1.7,Treatments,55.88,83.33,0.32,treatment,Very Low (0 - 3k)
Treatment,CLINIQUE,Acne Solutions Clearing Concealer,18,3.6,"Water , Butylene Glycol , Cetyl Esters , Stearic Acid , Kaolin , Glyceryl Dilaurate , Hydrogenated Polyisobutene , Steareth-21 , Laminaria Saccharina Extract , Caffeine , Peg-150 Pentaerythrityl Tetrastearate , Steareth-2 , Glyceryl Stearate , Lecithin , Acetyl Glucosamine , Cellulose Gum , 10-Hydroxydecanoic Acid , Magnesium Aluminum Silicate , Silica , Xanthan Gum , Aminomethyl Propanediol , Simethicone , Tocopheryl Acetate , Disodium Edta , Phenoxyethanol , Potassium Sorbate , [+/- Mica , Titanium Dioxide (Ci 77891) , Iron Oxides (Ci 77491, Ci 77492, Ci 77499) , Chromium Hydroxide Green (Ci 77289)]",0,0,0,0,0,acne_solutions_clearing_concealer,clinique,treatment,clinique_acne_solutions_clearing_concealer,0.0,585.0,15133.0,3.5641,0.34,Treatments,54.41,0.61,3.87,Butylene Glycol;Cetyl Esters;Stearic Acid;Kaolin;Glyceryl Dilaurate;Hydrogenated Polyisobutene;Steareth-21;Laminaria Saccharina Extract;Caffeine;Peg-150 Pentaerythrityl Tetrastearate;Steareth-2;Glyceryl Stearate;Lecithin;Acetyl Glucosamine;Cellulose Gum;10-Hydroxydecanoic Acid;Magnesium Aluminum Silicate;Silica;Xanthan Gum;Aminomethyl Propanediol;Simethicone;Tocopheryl Acetate;Disodium Edta;Phenoxyethanol;Potassium Sorbate;[+/- Mica;Titanium Dioxide (Ci 77891);Iron Oxides (Ci 77491;Ci 77492;Ci 77499);Chromium Hydroxide Green (Ci 77289)],0.0,585.0,15133.0,3.5641,0.34,Treatments,54.41,0.61,3.87,treatment,High (13k - 26k)
Treatment,PERRICONE MD,High Potency Classics: Face Firming Serum,99,4.1,Visit the Perricone MD boutique,0,0,0,0,0,high_potency_classics:_face_firming_serum,perricone_md,treatment,perricone_md_high_potency_classics:_face_firming_serum,0.0,330.0,2344.0,4.0788,2.0,Treatments,49.5,1.24,14.08,Visit the Perricone MD boutique,0.0,330.0,2344.0,4.0788,2.0,Treatments,49.5,1.24,14.08,treatment,Very Low (0 - 3k)
Treatment,ALGENIST,ELEVATE Advanced Lift Contouring Cream,96,4.3,"Water, Dimethicone, Dimethicone Crosspolymer, Butylene Glycol, Glycerin, Caprylic/Capric Triglyceride, Pentylene Glycol, Parachlorella Beijerinckii Exopolysaccharides, Dunaliella Salina Extract, Plankton Extract, Trifluoroacetyl Tripeptide-2, Hydrolyzed Wheat Protein, Tetradecyl Aminobutyroylvalylaminobutyric Urea Trifluoroacetate, Palmitoyl Tripeptide-5, Sodium Hyaluronate, Gold, Arginine/Lysine Polypeptide, Hydrolyzed Rice Protein, Hydrolyzed Oat Protein, Potassium Palmitoyl Hydrolyzed Oat Protein, Avena Sativa (Oat) Kernel Extract, Silica, Acetyl Hydroxyproline, Biosaccharide Gum-1, Tocopherol, Sodium Ascorbate, Ethylhexylglycerin, Citric Acid, Hydroxyethyl Acrylate/Sodium Acryloyldimethyl Taurate Copolymer, Squalane, Sodium Polyacrylate Starch, Dimethicone/PEG-10/15 Crosspolymer, Polysorbate 60, Adenosine, Sorbitan Isostearate, Lecithin, Panthenol, Magnesium Chloride, Dextran, Pantolactone, Titanium Dioxide, Caprylyl Glycol, Chlorphenesin, Sodium Benzoate, Potassium Sorbate, Phenoxyethanol, Fragrance, Citronellol, Hydroxyisohexyl 3-Cyclohexene Carboxaldehyde, Limonene, Linalool.",1,1,1,1,1,elevate_advanced_lift_contouring_cream,algenist,treatment,algenist_elevate_advanced_lift_contouring_cream,0.0,32.0,1676.0,4.3438,2.0,Moisturizers,48.0,13.57,1.91,"Dimethicone;Dimethicone Crosspolymer;Butylene Glycol;Glycerin;Caprylic/Capric Triglyceride;Pentylene Glycol;Parachlorella Beijerinckii Exopolysaccharides;Dunaliella Salina Extract;Plankton Extract;Trifluoroacetyl Tripeptide-2;Hydrolyzed Wheat Protein;Tetradecyl Aminobutyroylvalylaminobutyric Urea Trifluoroacetate;Palmitoyl Tripeptide-5;Sodium Hyaluronate;Gold;Arginine/Lysine Polypeptide;Hydrolyzed Rice Protein;Hydrolyzed Oat Protein;Potassium Palmitoyl Hydrolyzed Oat Protein;Avena Sativa (Oat) Kernel Extract;Silica;Acetyl Hydroxyproline;Biosaccharide Gum-1;Tocopherol;Sodium Ascorbate;Ethylhexylglycerin;Citric Acid;Hydroxyethyl Acrylate/Sodium Acryloyldimethyl Taurate Copolymer;Squalane;Sodium Polyacrylate Starch;Dimethicone/PEG-10/15 Crosspolymer;Polysorbate 60;Adenosine;Sorbitan Isostearate;Lecithin;Panthenol;Magnesium Chloride;Dextran;Pantolactone;Titanium Dioxide;Caprylyl Glycol;Chlorphenesin;Sodium Benzoate;Potassium Sorbate;Phenoxyethanol;Fragrance;Citronellol;Hydroxyisohexyl 3-Cyclohexene Carboxaldehyde;Limonene;Linalool,",0.0,32.0,1676.0,4.3438,2.0,Moisturizers,48.0,13.57,1.91,moisturizer,Very Low (0 - 3k)
Face Mask,PETER THOMAS ROTH,Mask Frenzy,75,4.8,"Magnesium Sulfate, Butyrospermum Parkii (Shea) Butter, Butylene Glycol, Dimethicone, Shea Butter Glycerides, Caprylic/Capric Triglyceride, Ceteareth-20, Kaolin, Zeolite, Helianthus Annuus (Sunflower) Seed Oil, Prunus Armeniaca (Apricot) Kernel Oil, Prunus Persica (Peach) Kernel Oil, Rosa Moschata Seed Oil, Prunus Amygdalus Dulcis (Sweet Almond) Oil, Simmondsia Chinensis (Jojoba) Seed Oil, Glycine Soja (Soybean) Oil, Honey (Mel), Elaeis Guineensis (Palm) Butter, Punica Granatum Fruit Juice, Fagus Sylvatica Bud Extract, Sambucus Nigra Fruit Extract, Rosmarinus Officinalis (Rosemary) Leaf Extract, Tocopherol, Glycerin, Illite, Squalane, Hydrogenated Vegetable Oil, Lecithin, Ethylhexyl Palmitate, Dipropylene Glycol, Dimethicone/PEG-10/15 Crosspolymer, Polysilicone-11, Lauryl PEG-9 Polydimethylsiloxyethyl Dimethicone, Water/Aqua/Eau, Ethoxydiglycol, Propylene Glycol, Sodium Citrate, Benzyl Alcohol, Benzoic Acid, Sodium Benzoate, Potassium Sorbate, Phenoxyethanol.",1,1,1,1,1,mask_frenzy,peter_thomas_roth,face_mask,peter_thomas_roth_mask_frenzy,,,,,,,,,,"Magnesium Sulfate;Butyrospermum Parkii (Shea) Butter;Butylene Glycol;Dimethicone;Shea Butter Glycerides;Caprylic/Capric Triglyceride;Ceteareth-20;Kaolin;Zeolite;Helianthus Annuus (Sunflower) Seed Oil;Prunus Armeniaca (Apricot) Kernel Oil;Prunus Persica (Peach) Kernel Oil;Rosa Moschata Seed Oil;Prunus Amygdalus Dulcis (Sweet Almond) Oil;Simmondsia Chinensis (Jojoba) Seed Oil;Glycine Soja (Soybean) Oil;Honey (Mel);Elaeis Guineensis (Palm) Butter;Punica Granatum Fruit Juice;Fagus Sylvatica Bud Extract;Sambucus Nigra Fruit Extract;Rosmarinus Officinalis (Rosemary) Leaf Extract;Tocopherol;Glycerin;Illite;Squalane;Hydrogenated Vegetable Oil;Lecithin;Ethylhexyl Palmitate;Dipropylene Glycol;Dimethicone/PEG-10/15 Crosspolymer;Polysilicone-11;Lauryl PEG-9 Polydimethylsiloxyethyl Dimethicone;Water/Aqua/Eau;Ethoxydiglycol;Propylene Glycol;Sodium Citrate;Benzyl Alcohol;Benzoic Acid;Sodium Benzoate;Potassium Sorbate;Phenoxyethanol,",,,,,,,,,,face mask,nan
Face Mask,SK-II,Facial Treatment Mask,135,4.4,"Water, Saccharomycopsis Ferment Filtrate*, Butylene Glycol, Xanthan Gum, Sodium Salicylate, Methylparaben, Disodium EDTA. *Pitera.",1,1,1,1,1,facial_treatment_mask,sk_ii,face_mask,sk_ii_facial_treatment_mask,,,,,,,,,,"Saccharomycopsis Ferment Filtrate*;Butylene Glycol;Xanthan Gum;Sodium Salicylate;Methylparaben;Disodium EDTA, *Pitera,",,,,,,,,,,face mask,nan
Face Mask,DR. JART+,Mask Heroes Face Savers,36,4.9,Visit the Dr. Jart+ boutique,1,1,1,1,1,mask_heroes_face_savers,dr._jart,face_mask,dr._jart_mask_heroes_face_savers,,,,,,,,,,"Visit the Dr, Jart+ boutique",,,,,,,,,,face mask,nan
Face Mask,SEPHORA COLLECTION,Face Mask Magic,25,5.0,"Coconut Face Mask: Water, Butylene Glycol, Glycerin, Betaine, Mannitol, 1,2-Hexanediol, Hydroxyacetophenone, Saccharide Isomerate, Xanthan Gum, Ammonium Glycyrrhizate, Chenopodium Quinoa Seed Extract, PEG-40 Hydrogenated Castor Oil, Fragrance, Caffeine, Zinc Gluconate, Cocos Nucifera (Coconut) Fruit Extract, Phenoxyethanol, Cocos Nucifera (Coconut) Oil, Citric Acid, Aesculus Hippocastanum (Horse Chestnut) Seed Extract, Sodium Citrate, Potassium Sorbate, Sodium Benzoate, Gardenia Tahitensis Flower, Tocopherol. Pearl Face Mask: Water, Butylene Glycol, Glycerin, Salix Alba (Willow) Bark Extract, Betaine, Xanthan Gum, 1,2-Hexanediol, Hydroxyacetophenone, Fragrance, Synthetic Fluorphlogopite, CI 77891 (Titanium Dioxide), Mother Of Pearl Extract, Passiflora Edulis Fruit Extract, Linalool, Hexyl Cinnamal, Conchiolin Powder, Phenoxyethanol, Prunus Persica (Peach) Flower Extract, Tin Oxide. Green Tea Face Mask: Water, Butylene Glycol, Glycerin, Betaine, 1,2-Hexanediol, Hydroxyacetophenone, Xanthan Gum, Lecithin, Salix Alba (Willow) Bark Extract, Kaolin, Fragrance, Phenoxyethanol, Hydrolyzed Rice Bran Extract, Bakuchiol, Magnolia Officinalis Flower Extract, Camellia Sinensis Leaf Extract, Citric Acid, Sodium Benzoate, Limonene, Linalool, Potassium Sorbate, Quartz. Rose Face Mask: Water, Butylene Glycol, Glycerin, Betain, 1,2-Hexanediol, Hydroxyacetophenone, Saccharide Isomerate, Xanthan Gum, 3-O-Ethyl Ascorbic Acid, Glycosyl Trehalose, Fragrance, Phosphatidylcholine, Phenoxyethanol, Rosa Gallica Flower Extract, Polysorbate 80, Citric Acid, Sodium Citrate, Ascorbyl Palmitate, Potassium Sorbate, Rosa Damascena Flower Extract, Prunus Persica (Peach) Flower Extract, Tocopheryl Acetate, Sodium Benzoate, Sorbic Acid, Rosa Damascena Flower Oil. Aloe Vera Face Mask: Water, Butylene Glycol, Aloe Barbadensis Leaf Juice, Glycerin, Betaine, 1,2-Hexanediol, Hydroxyacetophenone, Saccharide Isomerate, Xanthan Gum, Fragrance, Aloe Barbadensis Leaf Extract, Phalaenopsis Amabilis Extract, Phenoxyethanol, Citric Acid, Sodium Citrate, Potassium Sorbate, Sodium Benzoate. Pineapple Face Mask:INGREDIENTS: Water, Butylene Glycol, Glycerin, Betaine, 1,2-Hexanediol, Hydroxyacetophenone, Xanthan Gum, Glycosyl Trehalose, Sodium Polyglutamate, Sodium Polyglutamate Crosspolymer, Phosphatidylcholine, Fragrance, Phenoxyethanol, Polysorbate 80, Ananas Sativus (Pineapple) Fruit Extract, Ascorbyl Palmitate, Ubiquinone, Tocopheryl Acetate, Potassium Sorbate, Sodium Benzoate, Citric Acid.",1,1,1,1,1,face_mask_magic,sephora_collection,face_mask,sephora_collection_face_mask_magic,,,,,,,,,,"Coconut Face Mask: Water;Butylene Glycol;Glycerin;Betaine;Mannitol;1,2-Hexanediol;Hydroxyacetophenone;Saccharide Isomerate;Xanthan Gum;Ammonium Glycyrrhizate;Chenopodium Quinoa Seed Extract;PEG-40 Hydrogenated Castor Oil;Fragrance;Caffeine;Zinc Gluconate;Cocos Nucifera (Coconut) Fruit Extract;Phenoxyethanol;Cocos Nucifera (Coconut) Oil;Citric Acid;Aesculus Hippocastanum (Horse Chestnut) Seed Extract;Sodium Citrate;Potassium Sorbate;Sodium Benzoate;Gardenia Tahitensis Flower;Tocopherol, Pearl Face Mask: Water;Butylene Glycol;Glycerin;Salix Alba (Willow) Bark Extract;Betaine;Xanthan Gum;1,2-Hexanediol;Hydroxyacetophenone;Fragrance;Synthetic Fluorphlogopite;CI 77891 (Titanium Dioxide);Mother Of Pearl Extract;Passiflora Edulis Fruit Extract;Linalool;Hexyl Cinnamal;Conchiolin Powder;Phenoxyethanol;Prunus Persica (Peach) Flower Extract;Tin Oxide, Green Tea Face Mask: Water;Butylene Glycol;Glycerin;Betaine;1,2-Hexanediol;Hydroxyacetophenone;Xanthan Gum;Lecithin;Salix Alba (Willow) Bark Extract;Kaolin;Fragrance;Phenoxyethanol;Hydrolyzed Rice Bran Extract;Bakuchiol;Magnolia Officinalis Flower Extract;Camellia Sinensis Leaf Extract;Citric Acid;Sodium Benzoate;Limonene;Linalool;Potassium Sorbate;Quartz, Rose Face Mask: Water;Butylene Glycol;Glycerin;Betain;1,2-Hexanediol;Hydroxyacetophenone;Saccharide Isomerate;Xanthan Gum;3-O-Ethyl Ascorbic Acid;Glycosyl Trehalose;Fragrance;Phosphatidylcholine;Phenoxyethanol;Rosa Gallica Flower Extract;Polysorbate 80;Citric Acid;Sodium Citrate;Ascorbyl Palmitate;Potassium Sorbate;Rosa Damascena Flower Extract;Prunus Persica (Peach) Flower Extract;Tocopheryl Acetate;Sodium Benzoate;Sorbic Acid;Rosa Damascena Flower Oil, Aloe Vera Face Mask: Water;Butylene Glycol;Aloe Barbadensis Leaf Juice;Glycerin;Betaine;1,2-Hexanediol;Hydroxyacetophenone;Saccharide Isomerate;Xanthan Gum;Fragrance;Aloe Barbadensis Leaf Extract;Phalaenopsis Amabilis Extract;Phenoxyethanol;Citric Acid;Sodium Citrate;Potassium Sorbate;Sodium Benzoate, Pineapple Face Mask:INGREDIENTS: Water;Butylene Glycol;Glycerin;Betaine;1,2-Hexanediol;Hydroxyacetophenone;Xanthan Gum;Glycosyl Trehalose;Sodium Polyglutamate;Sodium Polyglutamate Crosspolymer;Phosphatidylcholine;Fragrance;Phenoxyethanol;Polysorbate 80;Ananas Sativus (Pineapple) Fruit Extract;Ascorbyl Palmitate;Ubiquinone;Tocopheryl Acetate;Potassium Sorbate;Sodium Benzoate;Citric Acid,",,,,,,,,,,face mask,nan
Face Mask,SUMMER FRIDAYS,Jet Lag Mask,48,4.1,"Water, Caprylic/Capric Triglyceride, Castanea Sativa (Chestnut) Seed Extract, Diheptyl Succinate, Capryloyl Glycerin/Sebacic Acid Copolymer, Pentylene Glycol, Butyrospermum Parkii (Shea)Butter, Cetearyl Alcohol, Niacinamide, Hydroxyethyl Acrylate/Sodium Acryloyldimethyl Taurate Copolymer, Glycerin, Sorbitan Stearate, Glyceryl Stearate, PEG 100 Stearate, Phenoxyethanol, Ethylhexylglycerin, Phyalis Angulate Extract, Ceramide 3, Ceramide 6 II, Ceramide 1, Phytosphingosine, Cholesterol, Sodium Lauroyl Lactylate, Carbomer, Xanthan Gum, Sodium Hyaluronate, Aminopropyl Ascorbyl Phosphate, Tetrasodium Glutamate Diacetate, Arginine, Tocopheryl Acetate, Mentha Arvensis (Cornmint) Oil, Mentha Piperita (Peppermint) Oil, Citrus Aurantium Dulcis (Orange)Peel Oil, Cucumis Sativus (Cucumber) Fruit Extract.",1,1,1,1,1,jet_lag_mask,summer_fridays,face_mask,summer_fridays_jet_lag_mask,,,,,,,,,,"Caprylic/Capric Triglyceride;Castanea Sativa (Chestnut) Seed Extract;Diheptyl Succinate;Capryloyl Glycerin/Sebacic Acid Copolymer;Pentylene Glycol;Butyrospermum Parkii (Shea)Butter;Cetearyl Alcohol;Niacinamide;Hydroxyethyl Acrylate/Sodium Acryloyldimethyl Taurate Copolymer;Glycerin;Sorbitan Stearate;Glyceryl Stearate;PEG 100 Stearate;Phenoxyethanol;Ethylhexylglycerin;Phyalis Angulate Extract;Ceramide 3;Ceramide 6 II;Ceramide 1;Phytosphingosine;Cholesterol;Sodium Lauroyl Lactylate;Carbomer;Xanthan Gum;Sodium Hyaluronate;Aminopropyl Ascorbyl Phosphate;Tetrasodium Glutamate Diacetate;Arginine;Tocopheryl Acetate;Mentha Arvensis (Cornmint) Oil;Mentha Piperita (Peppermint) Oil;Citrus Aurantium Dulcis (Orange)Peel Oil;Cucumis Sativus (Cucumber) Fruit Extract,",,,,,,,,,,face mask,nan
Face Mask,FARMACY,Honey Potion Renewing Antioxidant Hydration Mask with Echinacea GreenEnvy™,56,4.3,"Glycerin, Diglycerin, Polyglyceryl-10 Stearate, Honey Extract, Propolis Extract, Royal Jelly Extract, Panthenol, Caprylic/Capric Triglyceride, Hippophae Rhamnoides Oil, Zingiber Officinale (Ginger) Root Extract, Allantoin, Phenoxyethanol, Echinacea Purpurea Root Extract, Honey, Water, Flavor, Vanillyl Butyl Ether.",1,1,1,1,1,honey_potion_renewing_antioxidant_hydration_mask_with_echinacea_greenenvy,farmacy,face_mask,farmacy_honey_potion_renewing_antioxidant_hydration_mask_with_echinacea_greenenvy,,,,,,,,,,"Glycerin;Diglycerin;Polyglyceryl-10 Stearate;Honey Extract;Propolis Extract;Royal Jelly Extract;Panthenol;Caprylic/Capric Triglyceride;Hippophae Rhamnoides Oil;Zingiber Officinale (Ginger) Root Extract;Allantoin;Phenoxyethanol;Echinacea Purpurea Root Extract;Honey;Flavor;Vanillyl Butyl Ether,",,,,,,,,,,face mask,nan
Face Mask,LANEIGE,Lip Sleeping Mask,20,4.6,"Diisostearyl Malate, Hydrogenated Polyisobutene, Phytosteryl, Isostearyl, Cetyl, Stearyl, Behenyl Dimer Dilinoleate, Hydrogenated Poly(C6-14 Olefin), Polybutene, Microcrystalline Wax, Cera Microcristallina, Cire Microcristalline, Butyrospermum Parkii (Shea) Butter, Synthetic Wax, Euphorbia Cerifera (Candelilla) Wax, Candelilla Cera, Cire de Candelilla, Sucrose Tetrastearate Triacetate, Butylene, Ethylene, Styrene Copolymer, Ethylene, Propylene, Styrene Copolymer, Mica (CI 77019), Astrocaryum Murumuru Seed Butter, Titanium Dioxide (CI 77891), Dimethicone, Fragrance, Parfum, Polyglyceryl-2 Diisostearate, Dehydroacetic Acid, Methicone, Copernicia Cerifera (Carnauba) Wax, Cera Carnauba, Cire de Carnauba, Polyglyceryl-2 Triisostearate, Yellow 6 Lake (CI 15985), Red 6 (CI 15850), Polyhydroxystearic Acid, Water, Potassium Alginate, Propanediol, Glycerin, Alcohol, Lycium Chinense Fruit Extract, Vaccinium Macrocarpon (Cranberry) Fruit Extract, Fragaria Chiloensis (Strawberry) Fruit Extract, Rubus Idaeus (Raspberry) Fruit Extract, Sapindus Mukorossi Fruit Extract, Vaccinium Angustifolium (Blueberry) Fruit Extract, Rubus Chamaemorus Seed Extract, Coffea Arabica (Coffee) Seed Extract, Chenopodium Quinoa Seed Extract, Magnesium Sulfate, Calcium Chloride, Sodium Hyaluronate, Beta-Glucan, Manganese Sulfate, Zinc Sulfate, Ascorbyl Glucoside.",0,0,0,0,0,lip_sleeping_mask,laneige,face_mask,laneige_lip_sleeping_mask,,,,,,,,,,"Diisostearyl Malate;Hydrogenated Polyisobutene;Phytosteryl;Isostearyl;Cetyl;Stearyl;Behenyl Dimer Dilinoleate;Hydrogenated Poly(C6-14 Olefin);Polybutene;Microcrystalline Wax;Cera Microcristallina;Cire Microcristalline;Butyrospermum Parkii (Shea) Butter;Synthetic Wax;Euphorbia Cerifera (Candelilla) Wax;Candelilla Cera;Cire de Candelilla;Sucrose Tetrastearate Triacetate;Butylene;Ethylene;Styrene Copolymer;Ethylene;Propylene;Styrene Copolymer;Mica (CI 77019);Astrocaryum Murumuru Seed Butter;Titanium Dioxide (CI 77891);Dimethicone;Fragrance;Parfum;Polyglyceryl-2 Diisostearate;Dehydroacetic Acid;Methicone;Copernicia Cerifera (Carnauba) Wax;Cera Carnauba;Cire de Carnauba;Polyglyceryl-2 Triisostearate;Yellow 6 Lake (CI 15985);Red 6 (CI 15850);Polyhydroxystearic Acid;Potassium Alginate;Propanediol;Glycerin;Alcohol;Lycium Chinense Fruit Extract;Vaccinium Macrocarpon (Cranberry) Fruit Extract;Fragaria Chiloensis (Strawberry) Fruit Extract;Rubus Idaeus (Raspberry) Fruit Extract;Sapindus Mukorossi Fruit Extract;Vaccinium Angustifolium (Blueberry) Fruit Extract;Rubus Chamaemorus Seed Extract;Coffea Arabica (Coffee) Seed Extract;Chenopodium Quinoa Seed Extract;Magnesium Sulfate;Calcium Chloride;Sodium Hyaluronate;Beta-Glucan;Manganese Sulfate;Zinc Sulfate;Ascorbyl Glucoside,",,,,,,,,,,face mask,nan
Face Mask,FRESH,Rose Face Mask,62,4.2,"Water, Butylene Glycol, Glycerin, Pentylene Glycol, PEG-60 Hydrogenated Castor Oil, Rosa Centifolia Flower, Maris Aqua (Sea Water), Rosa Damascena Flower Water, Cucumis Sativus (Cucumber) Fruit Extract, Anthemis Nobilis Flower Oil, Camellia Sinensis Leaf Extract, Porphyridium Cruentum Extract, Rosa Damascena Flower Oil, Aloe Barbadensis Leaf Extract, Aspalathus Linearis Leaf Extract, Faex (Yeast Extract), Sodium Hyaluronate, Carbomer, Tetrasodium EDTA, Sodium Hydroxide, Caprylic/Capric Triglyceride, Glyceryl Acrylate/Acrylic Acid Copolymer, Caramel, Maltodextrin, Parfum (Fragrance), BHT, Citronellol, Phenoxyethanol.",0,0,0,0,0,rose_face_mask,fresh,face_mask,fresh_rose_face_mask,,,,,,,,,,"Butylene Glycol;Glycerin;Pentylene Glycol;PEG-60 Hydrogenated Castor Oil;Rosa Centifolia Flower;Maris Aqua (Sea Water);Rosa Damascena Flower Water;Cucumis Sativus (Cucumber) Fruit Extract;Anthemis Nobilis Flower Oil;Camellia Sinensis Leaf Extract;Porphyridium Cruentum Extract;Rosa Damascena Flower Oil;Aloe Barbadensis Leaf Extract;Aspalathus Linearis Leaf Extract;Faex (Yeast Extract);Sodium Hyaluronate;Carbomer;Tetrasodium EDTA;Sodium Hydroxide;Caprylic/Capric Triglyceride;Glyceryl Acrylate/Acrylic Acid Copolymer;Caramel;Maltodextrin;Parfum (Fragrance);BHT;Citronellol;Phenoxyethanol,",,,,,,,,,,face mask,nan
Face Mask,KIEHL'S SINCE 1851,Rare Earth Deep Pore Cleansing Masque,33,4.7,"Water, Kaolin, Bentonite, Propanediol, Glycerin, CI 77891/Titanium Dioxide, Caprylic/Capric Triglyceride, Cetearyl Alcohol, Zea Mays Starch/Corn Starch, Phenoxyethanol, Ceteareth-20, Caprylyl Glycol, Xanthan Gum, Ethylhexylglycerin, Tocopherol, Lecithin, Aloe Barbadensis/Aloe Barbadensis Leaf Juice, Avena Sativa Flour/Oat Kernel Flour, Allantoin.",0,0,0,0,0,rare_earth_deep_pore_cleansing_masque,kiehl's_since_1851,face_mask,kiehl's_since_1851_rare_earth_deep_pore_cleansing_masque,,,,,,,,,,"Kaolin;Bentonite;Propanediol;Glycerin;CI 77891/Titanium Dioxide;Caprylic/Capric Triglyceride;Cetearyl Alcohol;Zea Mays Starch/Corn Starch;Phenoxyethanol;Ceteareth-20;Caprylyl Glycol;Xanthan Gum;Ethylhexylglycerin;Tocopherol;Lecithin;Aloe Barbadensis/Aloe Barbadensis Leaf Juice;Avena Sativa Flour/Oat Kernel Flour;Allantoin,",,,,,,,,,,face mask,nan
Face Mask,FRESH,Black Tea Instant Perfecting Mask,92,4.3,"Water, Glycerin, Rice Ferment Filtrate (Sake), Caprylic/Capric Triglyceride, Pentylene Glycol, Sodium Polyacrylate, Betaine, Saccharomyces Ferment Filtrate, Camellia Sinensis Leaf Extract, Avena Sativa (Oat) Kernel Extract, Vitis Vinif- era (Grape) Seed Oil, Litchi Chinensis Seed Extract, Rubus Fruticosus (Blackberry) Leaf Extract, Rosa Damascena Flower Oil, Sodium Hyaluronate, Adenosine, Tocopheryl Ac- etate, Tocopherol, Ethylhexyl Palmitate, Poloxamer 407, Butylene Glycol, Parfum (Fragrance), Hydrogenated Lecithin, Menthoxypropanediol, Maltodextrin, Silica, CI 77891 (Titanium Dioxide), Trihydroxystearin, Hydroxyethylcellulose, Disodium EDTA, Sodium Citrate, Caprylyl Glycol, Citric Acid, Caramel, Hexylene Glycol, Potassium Sorbate, BHT, Biotin, Phenoxyethanol, Linalool.",0,0,0,0,0,black_tea_instant_perfecting_mask,fresh,face_mask,fresh_black_tea_instant_perfecting_mask,,,,,,,,,,"Glycerin;Rice Ferment Filtrate (Sake);Caprylic/Capric Triglyceride;Pentylene Glycol;Sodium Polyacrylate;Betaine;Saccharomyces Ferment Filtrate;Camellia Sinensis Leaf Extract;Avena Sativa (Oat) Kernel Extract;Vitis Vinif- era (Grape) Seed Oil;Litchi Chinensis Seed Extract;Rubus Fruticosus (Blackberry) Leaf Extract;Rosa Damascena Flower Oil;Sodium Hyaluronate;Adenosine;Tocopheryl Ac- etate;Tocopherol;Ethylhexyl Palmitate;Poloxamer 407;Butylene Glycol;Parfum (Fragrance);Hydrogenated Lecithin;Menthoxypropanediol;Maltodextrin;Silica;CI 77891 (Titanium Dioxide);Trihydroxystearin;Hydroxyethylcellulose;Disodium EDTA;Sodium Citrate;Caprylyl Glycol;Citric Acid;Caramel;Hexylene Glycol;Potassium Sorbate;BHT;Biotin;Phenoxyethanol;Linalool,",,,,,,,,,,face mask,nan
Face Mask,SUMMER FRIDAYS,Overtime Mask,44,4.5,"-Pumpkin: Packed with fruit enzymes, vitamin A, and vitamin C to smooth and brighten skin. -Apricot Seed Powder: Natural gentle exfoliating powder that removes dead skin cells and helps circulate blood flow to skin. -Beta Carotene: Supports natural cell turnover, creating a natural-looking glow.",1,1,1,1,0,overtime_mask,summer_fridays,face_mask,summer_fridays_overtime_mask,,,,,,,,,,"-Pumpkin: Packed with fruit enzymes;vitamin A;and vitamin C to smooth and brighten skin, -Apricot Seed Powder: Natural gentle exfoliating powder that removes dead skin cells and helps circulate blood flow to skin, -Beta Carotene: Supports natural cell turnover;creating a natural-looking glow,",,,,,,,,,,face mask,nan
Face Mask,SEPHORA COLLECTION,Face Mask,6,4.3,"Water, Butylene Glycol, Glycerin, Betaine, Aloe Barbadensis Leaf Juice, 1,2-Hexanediol, Hydroxyacetophenone, Xanthan Gum, Sargassum Muticum Extract, Moringa Pterygosperma Seed Extract, Parfum (Fragrance), Phenoxyethanol, Leuconostoc/Radish Root Ferment Filtrate, Vitis Vinifera (Grape) Fruit Extract, Citric Acid, Potassium Sorbate, Sodium Benzoate, Vitis Vinifera (Grape) Leaf Extract.",1,1,1,1,1,face_mask,sephora_collection,face_mask,sephora_collection_face_mask,,,,,,,,,,"Butylene Glycol;Glycerin;Betaine;Aloe Barbadensis Leaf Juice;1,2-Hexanediol;Hydroxyacetophenone;Xanthan Gum;Sargassum Muticum Extract;Moringa Pterygosperma Seed Extract;Parfum (Fragrance);Phenoxyethanol;Leuconostoc/Radish Root Ferment Filtrate;Vitis Vinifera (Grape) Fruit Extract;Citric Acid;Potassium Sorbate;Sodium Benzoate;Vitis Vinifera (Grape) Leaf Extract,",,,,,,,,,,face mask,nan
Face Mask,ORIGINS,Mini Mask Musts,28,4.1,"-Charcoal: Acts like a magnet to draw out deep-dwelling pore-cloggers. -Apricot Kernel Oils: Quench compromised moisture reserves and help build a reservoir for tomorrow. -Willowherb: Fights dullness and discoloration, helping visibly restore radiance to skin. -Camphor: Rapidly soaks up oily-shine, sloughs off dead cells, and sweeps away debris. Clear Improvement™ Active Charcoal Mask to Clear Pores: Water, Myrtus Communis (Myrtle) Leaf Water, Kaolin, Bentonite, Butylene Glycol, Montmorillonite, Polysorbate 20, PEG-100 Stearate, Charcoal Powder, Xanthan Gum, Lecithin, PEG-150 Distearate, Propylene Glycol Stearate, Sorbitan Laurate, Glycerin, Propylene Glycol Laurate, Simethicone, Caprylyl Glycol, Ethylhexylglycerin, Hexylene Glycol, Trisodium EDTA, Dehydroacetic Acid, Phenoxyethanol. Drink Up™ Intensive Overnight Mask to Quench Skin’s Thirst: Water, Rosa Damascena (Rose) Flower Water, Myrtus Communis (Myrtle) Leaf Water, Citrus Aurantium Amara (Bitter Orange) Flower Water, Anthemis Nobilis (Chamomile) Flower Extract, Glycerin, Cetyl Alcohol, Glyceryl Polymethacrylate, Dimethicone, Peg-75, Peg-8, Glycereth-26, Sorbitan Stearate, Ribes Nigrum (Black Currant) Seed Oil*, Prunus Amygdalus Amara (Bitter Almond) Kernel Oil*, Cinnamomum Camphora (Camphor) Bark Oil*, Citrus Aurantium Dulcis (Orange) Peel Oil*, Prunus Armeniaca (Apricot) Kernel Oil*, Osmanthus Fragrans Flower Extract, Rosa Damascena Extract, Citrus Aurantium Amara (Bitter Orange) Flower Extract, Linalool, Limonene, Aloe Barbadensis Leaf Extract, Cladosiphon Okamuranus Extract, Oryza Sativa (Rice) Extract, Avena Sativa (Oat) Kernel Extract, Olea Europaea (Olive) Fruit Extract, Triticum Vulgare (Wheat) Bran Extract, Peg-100 Stearate, Sucrose**, Citrus Aurantium Dulcis (Orange) Peel Wax, Panthenol, Pantethine, Cetyl Ethylhexanoate, Mangifera Indica (Mango) Seed Butter, Prunus Armeniaca (Apricot) Kernel Oil, Persea Gratissima (Avocado) Oil, Butylene Glycol, Cetearyl Alcohol, Cocos Nucifera (Coconut) Oil, Phytosterols, Tocopheryl Acetate, Oryzanol, Bisabolol, Caprylyl Glycol, Potassium Hydroxide, Caffeine, Hexylene Glycol, Sodium Hyaluronate, Dextrin, Carbomer, Disodium Edta, Sodium Dehydroacetate, Phenoxyethanol. Original Skin™ Retexturizing Mask with Rose Clay: Water, Butylene Glycol, Kaolin, Montmorillonite, Polysorbate 20, Jojoba Esters, Peg-100 Stearate, Bentonite, Glycerin, Citrus Grandis (Grapefruit) Peel Oil*, Lavandula Angustifolia (Lavender) Oil*, Pelargonium Graveolens Flower Oil*, Amyris Balsamifera Bark Oil*, Salvia Sclarea (Clary) Oil*, Anthemis Nobilis Flower Oil*, Rosa Centifolia Flower Extract, Limonene, Linalool, Geraniol, Epilobium Angustifolium Flower\Leaf\Stem Extract, Castanea Sativa (Chestnut) Seed Extract, Albizia Julibrissin Bark Extract, Lecithin, Ethylhexylglycerin, Caprylyl Glycol, Propylene Glycol Laurate, Propylene Glycol Stearate, Peg-150 Distearate, Hypnea Musciformis (Algae) Extract, Gellidiela Acerosa (Algae) Extract, Simethicone, Sodium Hyaluronate, Sorbitan Laurate, Hexylene Glycol, Dehydroacetic Acid, Xanthan Gum, Trisodium Edta, Phenoxyethanol, Titanium Dioxide (Ci 77891), Iron Oxides (Ci 77491, Ci 77492, Ci 77499). GinZing™ Peel-Off Mask to Refine & Refresh: Water, Alcohol Denat., Polyvinyl Alcohol, Zea Mays (Corn) Starch, Silica, Hexylene Glycol, Citrus Limon (Lemon) Peel Oil*, Citrus Grandis (Grapefruit) Peel Oil*, Mentha Viridis (Spearmint) Leaf Oil*, Citrus Aurantium Dulcis (Orange) Peel Oil*, Limonene, Linalool, Citral, Panax Ginseng (Ginseng) Root Extract, Pyrus Malus (Apple) Fruit Extract, Algae Extract, Camellia Sinensis (Green Tea) Leaf Extract, Citrus Aurantium Dulcis (Orange) Fruit Extract, Citrus Limon (Lemon) Peel Extract, Saccharum Officinarum (Sugar Cane) Extract/Extrait De Canne Sucre, Isoceteth-20, Caffeine, Xanthan Gum, Aminomethyl Propanol, Carbomer, Phenoxyethanol, Mica, Iron Oxides (Ci 77491), Titanium Dioxide (Ci 77891) * Essential Oil. Out of Trouble™ 10 Minute Mask: Water, Cetyl Esters, Zinc Oxide, Titanium Dioxide, Cetyl Alcohol, Cetearyl Alcohol, Glycerin, Glyceryl Stearate, Peg-100 Stearate, Camphor, Ceteareth-20, Salicylic Acid, Colloidal Sulfur, Butylene Glycol, Bentonite, Caprylyl Glycol, Hexylene Glycol, Phenoxyethanol. Please be aware that ingredient lists may change or vary from time to time. Please refer to the ingredient list on the product package you receive for the most up to date list of ingredients.",1,1,1,1,0,mini_mask_musts,origins,face_mask,origins_mini_mask_musts,,,,,,,,,,"-Charcoal: Acts like a magnet to draw out deep-dwelling pore-cloggers, -Apricot Kernel Oils: Quench compromised moisture reserves and help build a reservoir for tomorrow, -Willowherb: Fights dullness and discoloration;helping visibly restore radiance to skin, -Camphor: Rapidly soaks up oily-shine;sloughs off dead cells;and sweeps away debris, Clear Improvement™ Active Charcoal Mask to Clear Pores: Water;Myrtus Communis (Myrtle) Leaf Water;Kaolin;Bentonite;Butylene Glycol;Montmorillonite;Polysorbate 20;PEG-100 Stearate;Charcoal Powder;Xanthan Gum;Lecithin;PEG-150 Distearate;Propylene Glycol Stearate;Sorbitan Laurate;Glycerin;Propylene Glycol Laurate;Simethicone;Caprylyl Glycol;Ethylhexylglycerin;Hexylene Glycol;Trisodium EDTA;Dehydroacetic Acid;Phenoxyethanol, Drink Up™ Intensive Overnight Mask to Quench Skin’s Thirst: Water;Rosa Damascena (Rose) Flower Water;Myrtus Communis (Myrtle) Leaf Water;Citrus Aurantium Amara (Bitter Orange) Flower Water;Anthemis Nobilis (Chamomile) Flower Extract;Glycerin;Cetyl Alcohol;Glyceryl Polymethacrylate;Dimethicone;Peg-75;Peg-8;Glycereth-26;Sorbitan Stearate;Ribes Nigrum (Black Currant) Seed Oil*;Prunus Amygdalus Amara (Bitter Almond) Kernel Oil*;Cinnamomum Camphora (Camphor) Bark Oil*;Citrus Aurantium Dulcis (Orange) Peel Oil*;Prunus Armeniaca (Apricot) Kernel Oil*;Osmanthus Fragrans Flower Extract;Rosa Damascena Extract;Citrus Aurantium Amara (Bitter Orange) Flower Extract;Linalool;Limonene;Aloe Barbadensis Leaf Extract;Cladosiphon Okamuranus Extract;Oryza Sativa (Rice) Extract;Avena Sativa (Oat) Kernel Extract;Olea Europaea (Olive) Fruit Extract;Triticum Vulgare (Wheat) Bran Extract;Peg-100 Stearate;Sucrose**;Citrus Aurantium Dulcis (Orange) Peel Wax;Panthenol;Pantethine;Cetyl Ethylhexanoate;Mangifera Indica (Mango) Seed Butter;Prunus Armeniaca (Apricot) Kernel Oil;Persea Gratissima (Avocado) Oil;Butylene Glycol;Cetearyl Alcohol;Cocos Nucifera (Coconut) Oil;Phytosterols;Tocopheryl Acetate;Oryzanol;Bisabolol;Caprylyl Glycol;Potassium Hydroxide;Caffeine;Hexylene Glycol;Sodium Hyaluronate;Dextrin;Carbomer;Disodium Edta;Sodium Dehydroacetate;Phenoxyethanol, Original Skin™ Retexturizing Mask with Rose Clay: Water;Butylene Glycol;Kaolin;Montmorillonite;Polysorbate 20;Jojoba Esters;Peg-100 Stearate;Bentonite;Glycerin;Citrus Grandis (Grapefruit) Peel Oil*;Lavandula Angustifolia (Lavender) Oil*;Pelargonium Graveolens Flower Oil*;Amyris Balsamifera Bark Oil*;Salvia Sclarea (Clary) Oil*;Anthemis Nobilis Flower Oil*;Rosa Centifolia Flower Extract;Limonene;Linalool;Geraniol;Epilobium Angustifolium Flower\Leaf\Stem Extract;Castanea Sativa (Chestnut) Seed Extract;Albizia Julibrissin Bark Extract;Lecithin;Ethylhexylglycerin;Caprylyl Glycol;Propylene Glycol Laurate;Propylene Glycol Stearate;Peg-150 Distearate;Hypnea Musciformis (Algae) Extract;Gellidiela Acerosa (Algae) Extract;Simethicone;Sodium Hyaluronate;Sorbitan Laurate;Hexylene Glycol;Dehydroacetic Acid;Xanthan Gum;Trisodium Edta;Phenoxyethanol;Titanium Dioxide (Ci 77891);Iron Oxides (Ci 77491;Ci 77492;Ci 77499), GinZing™ Peel-Off Mask to Refine & Refresh: Water;Alcohol Denat,;Polyvinyl Alcohol;Zea Mays (Corn) Starch;Silica;Hexylene Glycol;Citrus Limon (Lemon) Peel Oil*;Citrus Grandis (Grapefruit) Peel Oil*;Mentha Viridis (Spearmint) Leaf Oil*;Citrus Aurantium Dulcis (Orange) Peel Oil*;Limonene;Linalool;Citral;Panax Ginseng (Ginseng) Root Extract;Pyrus Malus (Apple) Fruit Extract;Algae Extract;Camellia Sinensis (Green Tea) Leaf Extract;Citrus Aurantium Dulcis (Orange) Fruit Extract;Citrus Limon (Lemon) Peel Extract;Saccharum Officinarum (Sugar Cane) Extract/Extrait De Canne Sucre;Isoceteth-20;Caffeine;Xanthan Gum;Aminomethyl Propanol;Carbomer;Phenoxyethanol;Mica;Iron Oxides (Ci 77491);Titanium Dioxide (Ci 77891) * Essential Oil, Out of Trouble™ 10 Minute Mask: Water;Cetyl Esters;Zinc Oxide;Titanium Dioxide;Cetyl Alcohol;Cetearyl Alcohol;Glycerin;Glyceryl Stearate;Peg-100 Stearate;Camphor;Ceteareth-20;Salicylic Acid;Colloidal Sulfur;Butylene Glycol;Bentonite;Caprylyl Glycol;Hexylene Glycol;Phenoxyethanol, Please be aware that ingredient lists may change or vary from time to time, Please refer to the ingredient list on the product package you receive for the most up to date list of ingredients,",,,,,,,,,,face mask,nan
Face Mask,LA MER,The Lifting and Firming Mask,250,4.9,"Declustered Water (-)/Aqua/Eau De-Structuree (-), Declustered Water (+)/Aqua/Eau De-Structuree (+), Dimethicone, Hdi/Trimethylol Hexyllactone Crosspolymer, Cyclopentasiloxane, Hydrogenated Polyisobutene, Hydrogenated Vegetable Oil, Caprylic/Capric/Myristic/Stearic Triglyceride, Polysilicone-11, Peg-100 Stearate, Peg-8 Dimethicone, Peg-10 Dimethicone, Algae (Seaweed) Extract, Sesamum Indicum (Sesame) Seed Oil, Medicago Sativa (Alfalfa) Seed Powder, Helianthus Annuus (Sunflower) Seedcake, Prunus Amygdalus Dulcis (Sweet Almond) Seed Meal, Eucalyptus Globulus (Eucalyptus) Leaf Oil, Sodium Gluconate, Copper Gluconate, Calcium Gluconate, Magnesium Gluconate, Zinc Gluconate, Tocopheryl Succinate, Niacin, Sesamum Indicum (Sesame) Seed Powder, Vitis Vinifera (Grape) Seed Extract, Citrus Aurantifolia (Lime) Peel Extract, Sigesbeckia Orientalis (St. Paul'S Wort) Extract, Crithmum Maritimum Extract, Eryngium Maritimum Extract, Polygonum Cuspidatum Root Extract, Silybum Marianum (Lady'S Thistle) Extract, Bupleurum Falcatum Root Extract, Humulus Lupulus (Hops) Extract, Citrus Reticulata (Tangerine) Peel Extract, Mimosa Tenuiflora Bark Extract, Narcissus Tazetta Bulb Extract, Chlorella Vulgaris Extract, Saccharomyces Lysate Extract, Prunus Mume Fruit Extract, Whey Protein/Lactis Protein/Proteine Du Petit-Lait, Gelidium Cartilagineum Extract, Glycerin, Coenzyme A, Micrococcus Lysate, Laminaria Digitata Extract, Rosmarinus Officinalis (Rosemary) Extract, Laminaria Ochroleuca Extract, Punica Granatum (Pomegranate) Fruit Juice, Sorbitol, Corallina Officinalis Extract, Molasses Extract/Saccharum Officinarum/Extrait De Melasse, Glycine Soja (Soybean) Seed Extract, Tourmaline, Caffeine, Linolenic Acid, Hydrogenated Lecithin, Gold, Hydrolyzed Wheat Protein, Glycosaminoglycans, Palmitoyl Oligopeptide, Ammonium Acryloyldimethyltaurate/Beheneth-25 Methacrylate Crosspolymer, Bifida Ferment Lysate, Alcaligenes Polysaccharides, Butylene Glycol, Tetraacetylphytosphingosine, Dipotassium Glycyrrhizate, Lecithin, Acetyl Glucosamine, Sodium Hyaluronate, Laureth-23, Acetyl Hexapeptide-8, Linoleic Acid, Dipalmitoyl Hydroxyproline, Propylene Glycol Diethylhexanoate, Yeast Extract/Faex/Extrait De Levure, Caprylic/Capric Triglyceride, Laureth-4, Tocopheryl Acetate, Diethylhexyl Syringylidenemalonate, Pentylene Glycol, Peg-8, Potassium Sorbate, Yeast Polysaccharides, Hydroxypropyl Cyclodextrin, Nordihydroguaiaretic Acid, Cyclodextrin, Maltodextrin, Sucrose, Glyceryl Polymethacrylate, Fragrance, Polymethylsilsesquioxane, Silica, Ethylbisiminomethylguaiacol Manganese Chloride, Disodium Edta, Phenoxyethanol, Linalool, Hydroxycitronellal, Citronellol, Geraniol, Limonene, Green 5 (Ci 61570)",0,0,0,0,0,the_lifting_and_firming_mask,la_mer,face_mask,la_mer_the_lifting_and_firming_mask,,,,,,,,,,"Declustered Water (-)/Aqua/Eau De-Structuree (-);Declustered Water (+)/Aqua/Eau De-Structuree (+);Dimethicone;Hdi/Trimethylol Hexyllactone Crosspolymer;Cyclopentasiloxane;Hydrogenated Polyisobutene;Hydrogenated Vegetable Oil;Caprylic/Capric/Myristic/Stearic Triglyceride;Polysilicone-11;Peg-100 Stearate;Peg-8 Dimethicone;Peg-10 Dimethicone;Algae (Seaweed) Extract;Sesamum Indicum (Sesame) Seed Oil;Medicago Sativa (Alfalfa) Seed Powder;Helianthus Annuus (Sunflower) Seedcake;Prunus Amygdalus Dulcis (Sweet Almond) Seed Meal;Eucalyptus Globulus (Eucalyptus) Leaf Oil;Sodium Gluconate;Copper Gluconate;Calcium Gluconate;Magnesium Gluconate;Zinc Gluconate;Tocopheryl Succinate;Niacin;Sesamum Indicum (Sesame) Seed Powder;Vitis Vinifera (Grape) Seed Extract;Citrus Aurantifolia (Lime) Peel Extract;Sigesbeckia Orientalis (St, Paul'S Wort) Extract;Crithmum Maritimum Extract;Eryngium Maritimum Extract;Polygonum Cuspidatum Root Extract;Silybum Marianum (Lady'S Thistle) Extract;Bupleurum Falcatum Root Extract;Humulus Lupulus (Hops) Extract;Citrus Reticulata (Tangerine) Peel Extract;Mimosa Tenuiflora Bark Extract;Narcissus Tazetta Bulb Extract;Chlorella Vulgaris Extract;Saccharomyces Lysate Extract;Prunus Mume Fruit Extract;Whey Protein/Lactis Protein/Proteine Du Petit-Lait;Gelidium Cartilagineum Extract;Glycerin;Coenzyme A;Micrococcus Lysate;Laminaria Digitata Extract;Rosmarinus Officinalis (Rosemary) Extract;Laminaria Ochroleuca Extract;Punica Granatum (Pomegranate) Fruit Juice;Sorbitol;Corallina Officinalis Extract;Molasses Extract/Saccharum Officinarum/Extrait De Melasse;Glycine Soja (Soybean) Seed Extract;Tourmaline;Caffeine;Linolenic Acid;Hydrogenated Lecithin;Gold;Hydrolyzed Wheat Protein;Glycosaminoglycans;Palmitoyl Oligopeptide;Ammonium Acryloyldimethyltaurate/Beheneth-25 Methacrylate Crosspolymer;Bifida Ferment Lysate;Alcaligenes Polysaccharides;Butylene Glycol;Tetraacetylphytosphingosine;Dipotassium Glycyrrhizate;Lecithin;Acetyl Glucosamine;Sodium Hyaluronate;Laureth-23;Acetyl Hexapeptide-8;Linoleic Acid;Dipalmitoyl Hydroxyproline;Propylene Glycol Diethylhexanoate;Yeast Extract/Faex/Extrait De Levure;Caprylic/Capric Triglyceride;Laureth-4;Tocopheryl Acetate;Diethylhexyl Syringylidenemalonate;Pentylene Glycol;Peg-8;Potassium Sorbate;Yeast Polysaccharides;Hydroxypropyl Cyclodextrin;Nordihydroguaiaretic Acid;Cyclodextrin;Maltodextrin;Sucrose;Glyceryl Polymethacrylate;Fragrance;Polymethylsilsesquioxane;Silica;Ethylbisiminomethylguaiacol Manganese Chloride;Disodium Edta;Phenoxyethanol;Linalool;Hydroxycitronellal;Citronellol;Geraniol;Limonene;Green 5 (Ci 61570)",,,,,,,,,,face mask,nan
Face Mask,SAND & SKY,Australian Pink Clay Porefining Face Mask,49,4.7,"Kaolin (Australian Clay), Water, Bentonite,  Aloe Barbadensis (Aloe Vera) Leaf Juice, Terminalia Ferdinandiana (Kakadu Plum) Fruit Extract, Centipeda Cunninghamii Extract (Old Man’s Weed), Glycyrrhiza Glabra (Liquorice) Root Extract, Tocopheryl Acetate (Vitamin E), Undaria Pinnatifda (Kelp) Extract, Hamamelis Virginiana (Witch Hazel) Bark/Twig Extract, Punica Granatum (Pomegranate) Sterols, Garcinia Mangostana (Mangosteen) Fruit Extract, Rosmarinus Ofcinalis (Rosemary) Leaf Extract, Phenoxyethanol, Dehydroacetic Acid, Lactic Acid, CI 77491, Parfum*, Glycerin, Benzyl Alcohol, Limonene.  *Natural",1,1,1,1,0,australian_pink_clay_porefining_face_mask,sand_sky,face_mask,sand_sky_australian_pink_clay_porefining_face_mask,,,,,,,,,,"Kaolin (Australian Clay);Bentonite;Aloe Barbadensis (Aloe Vera) Leaf Juice;Terminalia Ferdinandiana (Kakadu Plum) Fruit Extract;Centipeda Cunninghamii Extract (Old Man’s Weed);Glycyrrhiza Glabra (Liquorice) Root Extract;Tocopheryl Acetate (Vitamin E);Undaria Pinnatifda (Kelp) Extract;Hamamelis Virginiana (Witch Hazel) Bark/Twig Extract;Punica Granatum (Pomegranate) Sterols;Garcinia Mangostana (Mangosteen) Fruit Extract;Rosmarinus Ofcinalis (Rosemary) Leaf Extract;Phenoxyethanol;Dehydroacetic Acid;Lactic Acid;CI 77491;Parfum*;Glycerin;Benzyl Alcohol;Limonene,  *Natural",,,,,,,,,,face mask,nan
Face Mask,DR. JART+,Sheet Masks,7,4.2,"Chamomilla Recutita (Matricaria) Flower Water, Butylene Glycol, 1,2-Hexanediol, Glycerin, PEG-32, Hamamelis Virginiana (Witch Hazel) Extract, Glycereth-26, Sodium Hyaluronate, Hydrolyzed Collagen, Cereus Grandiflorus (Cactus) Flower Extract, Olea Europaea (Olive) Fruit Extract, Panthenol, Polyphosphorylcholine Glycol Acrylate, Arginine, PEG-60 Hydrogenated Castor Oil, Ethylhexylglycerin, Disodium EDTA.",1,1,1,1,1,sheet_masks,dr._jart,face_mask,dr._jart_sheet_masks,,,,,,,,,,"Chamomilla Recutita (Matricaria) Flower Water;Butylene Glycol;1,2-Hexanediol;Glycerin;PEG-32;Hamamelis Virginiana (Witch Hazel) Extract;Glycereth-26;Sodium Hyaluronate;Hydrolyzed Collagen;Cereus Grandiflorus (Cactus) Flower Extract;Olea Europaea (Olive) Fruit Extract;Panthenol;Polyphosphorylcholine Glycol Acrylate;Arginine;PEG-60 Hydrogenated Castor Oil;Ethylhexylglycerin;Disodium EDTA,",,,,,,,,,,face mask,nan
Face Mask,ORIGINS,Clear Improvement® Active Charcoal Mask to Clear Pores,28,4.3,"Water; Myrtus Communis (Myrtle) Leaf Water, Kaolin, Bentonite, Butylene Glycol, Montmorillonite, Polysorbate 20, Peg-100 Stearate, Charcoal Powder, Xanthan Gum, Lecithin, Peg-150 Distearate, Propylene Glycol Stearate, Sorbitan Laurate, Glycerin, Propylene Glycol Laurate, Simethicone, Caprylyl Glycol, Ethylhexylglycerin, Hexylene Glycol, Trisodium Edta, Dehydroacetic Acid, Phenoxyethanol Please be aware that ingredient lists may change or vary from time to time.� Please refer to the ingredient list on the product package you receive for the most up to date list of ingredients.",1,1,1,1,1,clear_improvement_active_charcoal_mask_to_clear_pores,origins,face_mask,origins_clear_improvement_active_charcoal_mask_to_clear_pores,,,,,,,,,,"Water; Myrtus Communis (Myrtle) Leaf Water;Kaolin;Bentonite;Butylene Glycol;Montmorillonite;Polysorbate 20;Peg-100 Stearate;Charcoal Powder;Xanthan Gum;Lecithin;Peg-150 Distearate;Propylene Glycol Stearate;Sorbitan Laurate;Glycerin;Propylene Glycol Laurate;Simethicone;Caprylyl Glycol;Ethylhexylglycerin;Hexylene Glycol;Trisodium Edta;Dehydroacetic Acid;Phenoxyethanol Please be aware that ingredient lists may change or vary from time to time,� Please refer to the ingredient list on the product package you receive for the most up to date list of ingredients,",,,,,,,,,,face mask,nan
Face Mask,ORIGINS,Drink Up™ Intensive Overnight Mask to Quench Skin's Thirst,28,4.6,"Water; Rosa Damascena (Rose) Flower Water, Myrtus Communis (Myrtle) Leaf Water, Citrus Aurantium Amara (Bitter Orange) Flower Water, Anthemis Nobilis (Chamomile) Flower Extract, Glycerin, Cetyl Alcohol, Glyceryl Polymethacrylate, Dimethicone, Peg-75, Peg-8, Glycereth-26, Sorbitan Stearate, Ribes Nigrum (Black Currant) Seed Oil*, Prunus Amygdalus Amara (Bitter Almond) Kernel Oil*, Cinnamomum Camphora (Camphor) Bark Oil*, Citrus Aurantium Dulcis (Orange) Peel Oil*, Prunus Armeniaca (Apricot) Kernel Oil*, Osmanthus Fragrans Flower Extract, Rosa Damascena Extract, Citrus Aurantium Amara (Bitter Orange) Flower Extract, Linalool, Limonene, Aloe Barbadensis Leaf Extract, Cladosiphon Okamuranus Extract, Oryza Sativa (Rice) Extract, Avena Sativa (Oat) Kernel Extract, Olea Europaea (Olive) Fruit Extract, Triticum Vulgare (Wheat) Bran Extract, Peg-100 Stearate, Sucrose**, Citrus Aurantium Dulcis (Orange) Peel Wax, Panthenol, Pantethine, Cetyl Ethylhexanoate, Mangifera Indica (Mango) Seed Butter, Prunus Armeniaca (Apricot) Kernel Oil, Persea Gratissima (Avocado) Oil, Butylene Glycol, Cetearyl Alcohol, Cocos Nucifera (Coconut) Oil, Phytosterols, Tocopheryl Acetate, Oryzanol, Bisabolol, Caprylyl Glycol, Potassium Hydroxide, Caffeine, Hexylene Glycol, Sodium Hyaluronate, Dextrin, Carbomer, Disodium Edta, Sodium Dehydroacetate, Phenoxyethanol * Essential Oil** Organic Sucrose (Brown Sugar) Please be aware that ingredient lists may change or vary from time to time.� Please refer to the ingredient list on the product package you receive for the most up to date list of ingredients.",0,0,0,0,0,drink_up_intensive_overnight_mask_to_quench_skin's_thirst,origins,face_mask,origins_drink_up_intensive_overnight_mask_to_quench_skin's_thirst,,,,,,,,,,"Water; Rosa Damascena (Rose) Flower Water;Myrtus Communis (Myrtle) Leaf Water;Citrus Aurantium Amara (Bitter Orange) Flower Water;Anthemis Nobilis (Chamomile) Flower Extract;Glycerin;Cetyl Alcohol;Glyceryl Polymethacrylate;Dimethicone;Peg-75;Peg-8;Glycereth-26;Sorbitan Stearate;Ribes Nigrum (Black Currant) Seed Oil*;Prunus Amygdalus Amara (Bitter Almond) Kernel Oil*;Cinnamomum Camphora (Camphor) Bark Oil*;Citrus Aurantium Dulcis (Orange) Peel Oil*;Prunus Armeniaca (Apricot) Kernel Oil*;Osmanthus Fragrans Flower Extract;Rosa Damascena Extract;Citrus Aurantium Amara (Bitter Orange) Flower Extract;Linalool;Limonene;Aloe Barbadensis Leaf Extract;Cladosiphon Okamuranus Extract;Oryza Sativa (Rice) Extract;Avena Sativa (Oat) Kernel Extract;Olea Europaea (Olive) Fruit Extract;Triticum Vulgare (Wheat) Bran Extract;Peg-100 Stearate;Sucrose**;Citrus Aurantium Dulcis (Orange) Peel Wax;Panthenol;Pantethine;Cetyl Ethylhexanoate;Mangifera Indica (Mango) Seed Butter;Prunus Armeniaca (Apricot) Kernel Oil;Persea Gratissima (Avocado) Oil;Butylene Glycol;Cetearyl Alcohol;Cocos Nucifera (Coconut) Oil;Phytosterols;Tocopheryl Acetate;Oryzanol;Bisabolol;Caprylyl Glycol;Potassium Hydroxide;Caffeine;Hexylene Glycol;Sodium Hyaluronate;Dextrin;Carbomer;Disodium Edta;Sodium Dehydroacetate;Phenoxyethanol * Essential Oil** Organic Sucrose (Brown Sugar) Please be aware that ingredient lists may change or vary from time to time,� Please refer to the ingredient list on the product package you receive for the most up to date list of ingredients,",,,,,,,,,,face mask,nan
Face Mask,PETER THOMAS ROTH,24K Gold Pure Luxury Lift & Firm Hydra-Gel Eye Patches,75,4.1,"Water, Glycerin, Carrageenan, Butylene Glycol, Ceratonia Siliqua (Carob) Gum, Colloidal Gold, Sodium Hyaluronate, Hydrolyzed Collagen, Caffeine, Niacinamide, Aloe Barbadensis Leaf Juice Powder, Tocopheryl Acetate, Allantoin, Jania Rubens Extract, Adenosine, Lavandula Angustifolia (Lavender) Oil, Ricinus Communis (Castor) Seed Oil, Calcium Lactate, Xanthan Gum, Disodium EDTA, Peg-60 Hydrogenated Castor Oil, Synthetic Fluorphlogopite, Mica, Tin Oxide, Chlorphenesin, Phenoxyethanol, Gold (Ci 77480), Iron Oxides (Ci 77491), Titanium Dioxide (Ci 77891).",1,1,1,1,1,24k_gold_pure_luxury_lift_firm_hydra_gel_eye_patches,peter_thomas_roth,face_mask,peter_thomas_roth_24k_gold_pure_luxury_lift_firm_hydra_gel_eye_patches,0.0,188.0,24618.0,4.0532,,Eye Care,,2.16,0.76,"Glycerin;Carrageenan;Butylene Glycol;Ceratonia Siliqua (Carob) Gum;Colloidal Gold;Sodium Hyaluronate;Hydrolyzed Collagen;Caffeine;Niacinamide;Aloe Barbadensis Leaf Juice Powder;Tocopheryl Acetate;Allantoin;Jania Rubens Extract;Adenosine;Lavandula Angustifolia (Lavender) Oil;Ricinus Communis (Castor) Seed Oil;Calcium Lactate;Xanthan Gum;Disodium EDTA;Peg-60 Hydrogenated Castor Oil;Synthetic Fluorphlogopite;Mica;Tin Oxide;Chlorphenesin;Phenoxyethanol;Gold (Ci 77480);Iron Oxides (Ci 77491);Titanium Dioxide (Ci 77891),",0.0,188.0,24618.0,4.0532,,Eye Care,,2.16,0.76,eye care,High (13k - 26k)
Face Mask,TATCHA,Violet-C Radiance Mask,68,4.1,* Hadasei-3,1,1,1,1,1,violet_c_radiance_mask,tatcha,face_mask,tatcha_violet_c_radiance_mask,,,,,,,,,,* Hadasei-3,,,,,,,,,,face mask,nan
Face Mask,BOSCIA,Luminizing Black Charcoal Mask,34,3.9,"Water, Polyvinyl Alcohol, Hamamelis Virginiana (Witch Hazel) Water, Glycereth-26, Butylene Glycol, Glycerin, Pentylene Glycol, Montmorillonite, Polysorbate 20, Acrylates/Palmeth-25 Acrylate Copolymer, Acrylates Copolymer, Lonicera Japonica (Honeysuckle) Flower Extract, Xanthan Gum, Ascorbyl Glucoside, Lonicera Caprifolium (Honeysuckle) Flower Extract, Diglycerin, Simmondsia Chinensis (Jojoba) Seed Extract, Epilobium Angustifolium Flower/Leaf/Stem Extract, Pinus Pinaster Bark Extract, Rosmarinus Officinalis (Rosemary) Leaf Oil, Eucalyptus Globulus Leaf Oil, Charcoal Powder, Iron Oxides (CI 77499).",1,1,1,1,1,luminizing_black_charcoal_mask,boscia,face_mask,boscia_luminizing_black_charcoal_mask,,,,,,,,,,"Polyvinyl Alcohol;Hamamelis Virginiana (Witch Hazel) Water;Glycereth-26;Butylene Glycol;Glycerin;Pentylene Glycol;Montmorillonite;Polysorbate 20;Acrylates/Palmeth-25 Acrylate Copolymer;Acrylates Copolymer;Lonicera Japonica (Honeysuckle) Flower Extract;Xanthan Gum;Ascorbyl Glucoside;Lonicera Caprifolium (Honeysuckle) Flower Extract;Diglycerin;Simmondsia Chinensis (Jojoba) Seed Extract;Epilobium Angustifolium Flower/Leaf/Stem Extract;Pinus Pinaster Bark Extract;Rosmarinus Officinalis (Rosemary) Leaf Oil;Eucalyptus Globulus Leaf Oil;Charcoal Powder;Iron Oxides (CI 77499),",,,,,,,,,,face mask,nan
Face Mask,SEPHORA COLLECTION,Experiential Masks Set,18,5.0,"The Charcoal Mask: Water, Glycerin, Hydroxyethyl Urea, Alcohol Denat., 1,2-Hexanediol, Phenoxyethanol, Butylene Glycol, Epilobium Fleischeri Extract, Coceth-7, Hydrolyzed Jojoba Esters, PPG-1-PEG-9 Lauryl Glycol Ether, Betaine, Hydroxyethyl Acrylate/Sodium Acryloyldimethyl Taurate Copolymer, PEG-40 Hydrogenated Castor Oil, Arginine, Carbomer, Ethylhexylglycerin, Fragrance, Disodium EDTA, Citric Acid, Charcoal Powder, Polysorbate 60, Sorbitan Isostearate, Potassium Sorbate, Tocopherol. The Mud Mask: Water, Bentonite, Kaolin, Propanediol, Cetyl Alcohol, Dimethicone, Glycerin, Benzyl Glycol, Panthenol, Illite, Glyceryl Stearate, PEG-100 Stearate, 1,2-Hexanediol, Polyacrylamide, Phenoxyethanol, Dipotassium Glycyrrhizate, Montmorillonite, Ethylhexylglycerin, Allantoin, C13-14 Isoparaffin, Saccharide Isomerate, Chromium Oxide Greens (Ci 77288), Xanthan Gum, Fragrance, Citric Acid, Disodium EDTA, Laureth-7, Raspberry Ketone, Sodium Citrate, Tocopherol. The Bubble Mask: Water, Glycerin, Disiloxane, Propanediol, Acrylates Copolymer, Cocamidopropyl Betaine, Disodium Cocoamphodiacetate, Decyl Glucoside, 1,2-Hexanediol, Sodium Chloride, Hydroxyacetophenone, Fragrance, Potassium Olivate, Arginine, Phenoxyethanol, Ethylhexylglycerin, Aloe Barbadensis Leaf Extract, Disodium EDTA, Benzyl Alcohol, Hexylene Glycol, Spirulina Platensis Extract, Bioflavonoids, Sodium Benzoate, Malic Acid, Brassica Oleracea Italica (Broccoli) Extract, Potassium Sorbate, Tocopherol, Maltodextrin, Persea Gratissima (Avocado) Fruit Extract. The Primer Mask: Water, Glycerin, Ethylhexyl Stearate, Methylpropanediol, Caprylic/Capric Triglyceride, Niacinamide, Xylitylglucoside, PEG-450, Titanium Dioxide (Ci 77891), Anhydroxylitol, Cetearyl Alcohol, Glyceryl Stearate, Hydroxyacetophenone, Xylitol, Caprylic/Capric Glycerides, Panthenol, Carbomer, Glucose, Allantoin, Tromethamine, Xanthan Gum, Polymethylsilsesquioxane, Butylene Glycol, Fragrance, Tocopheryl Acetate, Silica, Ethylhexylglycerin, Chondrus Crispus (Carrageenan) Extract, 1,2-Hexanediol, Dipotassium Glycyrrhizate, Lonicera Japonica Flower Extract (Lonicera Japonica (Honeysuckle) Flower), Disodium EDTA, Phenoxyethanol, Lonicera Caprifolium (Honeysuckle) Flower Extract, Gossypium Herbaceum (Cotton) Extract, Mica, Althaea Rosea Flower Extract, Red 33 (Ci 17200), Potassium Sorbate, Sodium Benzoate, Citric Acid.",1,1,1,1,0,experiential_masks_set,sephora_collection,face_mask,sephora_collection_experiential_masks_set,,,,,,,,,,"The Charcoal Mask: Water;Glycerin;Hydroxyethyl Urea;Alcohol Denat,;1,2-Hexanediol;Phenoxyethanol;Butylene Glycol;Epilobium Fleischeri Extract;Coceth-7;Hydrolyzed Jojoba Esters;PPG-1-PEG-9 Lauryl Glycol Ether;Betaine;Hydroxyethyl Acrylate/Sodium Acryloyldimethyl Taurate Copolymer;PEG-40 Hydrogenated Castor Oil;Arginine;Carbomer;Ethylhexylglycerin;Fragrance;Disodium EDTA;Citric Acid;Charcoal Powder;Polysorbate 60;Sorbitan Isostearate;Potassium Sorbate;Tocopherol, The Mud Mask: Water;Bentonite;Kaolin;Propanediol;Cetyl Alcohol;Dimethicone;Glycerin;Benzyl Glycol;Panthenol;Illite;Glyceryl Stearate;PEG-100 Stearate;1,2-Hexanediol;Polyacrylamide;Phenoxyethanol;Dipotassium Glycyrrhizate;Montmorillonite;Ethylhexylglycerin;Allantoin;C13-14 Isoparaffin;Saccharide Isomerate;Chromium Oxide Greens (Ci 77288);Xanthan Gum;Fragrance;Citric Acid;Disodium EDTA;Laureth-7;Raspberry Ketone;Sodium Citrate;Tocopherol, The Bubble Mask: Water;Glycerin;Disiloxane;Propanediol;Acrylates Copolymer;Cocamidopropyl Betaine;Disodium Cocoamphodiacetate;Decyl Glucoside;1,2-Hexanediol;Sodium Chloride;Hydroxyacetophenone;Fragrance;Potassium Olivate;Arginine;Phenoxyethanol;Ethylhexylglycerin;Aloe Barbadensis Leaf Extract;Disodium EDTA;Benzyl Alcohol;Hexylene Glycol;Spirulina Platensis Extract;Bioflavonoids;Sodium Benzoate;Malic Acid;Brassica Oleracea Italica (Broccoli) Extract;Potassium Sorbate;Tocopherol;Maltodextrin;Persea Gratissima (Avocado) Fruit Extract, The Primer Mask: Water;Glycerin;Ethylhexyl Stearate;Methylpropanediol;Caprylic/Capric Triglyceride;Niacinamide;Xylitylglucoside;PEG-450;Titanium Dioxide (Ci 77891);Anhydroxylitol;Cetearyl Alcohol;Glyceryl Stearate;Hydroxyacetophenone;Xylitol;Caprylic/Capric Glycerides;Panthenol;Carbomer;Glucose;Allantoin;Tromethamine;Xanthan Gum;Polymethylsilsesquioxane;Butylene Glycol;Fragrance;Tocopheryl Acetate;Silica;Ethylhexylglycerin;Chondrus Crispus (Carrageenan) Extract;1,2-Hexanediol;Dipotassium Glycyrrhizate;Lonicera Japonica Flower Extract (Lonicera Japonica (Honeysuckle) Flower);Disodium EDTA;Phenoxyethanol;Lonicera Caprifolium (Honeysuckle) Flower Extract;Gossypium Herbaceum (Cotton) Extract;Mica;Althaea Rosea Flower Extract;Red 33 (Ci 17200);Potassium Sorbate;Sodium Benzoate;Citric Acid,",,,,,,,,,,face mask,nan
Face Mask,ESTÉE LAUDER,Advanced Night Repair Concentrated Recovery PowerFoil Mask,80,4.0,"Advanced Night Rpr Powerfoil Mask Division: El (Estee Lauder)Ingredients: Water , Methyl Gluceth-20 , Peg-75 , Butylene Glycol , Bis-Peg-18 Methyl Ether Dimethyl Silane , Propanediol , Glycereth-26 , Cladosiphon Okamuranus Extract , Garcinia Mangostana Peel Extract , Magnolia Officinalis Bark Extract , Silybum Marianum (Lady'S Thistle) Extract , Echinacea Purpurea (Coneflower) Extract , Limonium Vulgare Flower/Leaf/Stem Extract , Lactobacillus Ferment , Betula Alba (Birch) Extract , Hydrolyzed Algin , Acetyl Dipeptide-1 Cetyl Ester , Coffea Arabica (Coffee) Seed Extract , Hydrolyzed Rice Extract , Poria Cocos Sclerotium Extract , Algae Extract , Squalane , Yeast Extract/Faex/Extrait De Levure , Caffeine , Peg-8 Glyceryl Isostearate , Glycerin , Artemia Extract , Lecithin , Glycine , Anthemis Nobilis (Chamomile) , Sodium Hyaluronate , Oleth-3 Phosphate , Caprylyl Glycol , Tocopheryl Acetate , Carbomer , Dextrin , Sodium Hydroxide , Xanthan Gum , Laureth-3 , Hydroxyethylcellulose , Trisodium Edta , Phenoxyethanol",0,0,0,0,0,advanced_night_repair_concentrated_recovery_powerfoil_mask,estée_lauder,face_mask,estée_lauder_advanced_night_repair_concentrated_recovery_powerfoil_mask,,,,,,,,,,Advanced Night Rpr Powerfoil Mask Division: El (Estee Lauder)Ingredients: Water;Methyl Gluceth-20;Peg-75;Butylene Glycol;Bis-Peg-18 Methyl Ether Dimethyl Silane;Propanediol;Glycereth-26;Cladosiphon Okamuranus Extract;Garcinia Mangostana Peel Extract;Magnolia Officinalis Bark Extract;Silybum Marianum (Lady'S Thistle) Extract;Echinacea Purpurea (Coneflower) Extract;Limonium Vulgare Flower/Leaf/Stem Extract;Lactobacillus Ferment;Betula Alba (Birch) Extract;Hydrolyzed Algin;Acetyl Dipeptide-1 Cetyl Ester;Coffea Arabica (Coffee) Seed Extract;Hydrolyzed Rice Extract;Poria Cocos Sclerotium Extract;Algae Extract;Squalane;Yeast Extract/Faex/Extrait De Levure;Caffeine;Peg-8 Glyceryl Isostearate;Glycerin;Artemia Extract;Lecithin;Glycine;Anthemis Nobilis (Chamomile);Sodium Hyaluronate;Oleth-3 Phosphate;Caprylyl Glycol;Tocopheryl Acetate;Carbomer;Dextrin;Sodium Hydroxide;Xanthan Gum;Laureth-3;Hydroxyethylcellulose;Trisodium Edta;Phenoxyethanol,,,,,,,,,,face mask,nan
Face Mask,KORA ORGANICS,Turmeric 2-in-1 Brightening & Exfoliating Mask,48,4.6,**From essential oils.,1,1,1,1,1,turmeric_2_in_1_brightening_exfoliating_mask,kora_organics,face_mask,kora_organics_turmeric_2_in_1_brightening_exfoliating_mask,,,,,,,,,,"**From essential oils,",,,,,,,,,,face mask,nan
Face Mask,PETER THOMAS ROTH,Pumpkin Enzyme Mask Enzymatic Dermal Resurfacer,58,4.7,"Water, Cucurbita Pepo (Pumpkin), Alumina, Glycerin, Triethanolamine, Carbomer, Lactobacillus/Pumpkin Fruit Ferment Filtrate, Sodium Lactate, Ascorbic Acid, Tocopheryl Acetate, Retinyl Palmitate, BHT, Sodium Hyaluronate, Leuconostoc/Radish Root Ferment Filtrate, Helianthus Annuus (Sunflower) Seed Oil, Citric Acid, Disodium EDTA, Benzoic Acid, Sorbic Acid, Potassium Sorbate, Sodium Benzoate, Chlorphenesin, Phenoxyethanol, Benzyl Alcohol, Cinnamal, Fragrance.",1,1,1,1,0,pumpkin_enzyme_mask_enzymatic_dermal_resurfacer,peter_thomas_roth,face_mask,peter_thomas_roth_pumpkin_enzyme_mask_enzymatic_dermal_resurfacer,,,,,,,,,,"Cucurbita Pepo (Pumpkin);Alumina;Glycerin;Triethanolamine;Carbomer;Lactobacillus/Pumpkin Fruit Ferment Filtrate;Sodium Lactate;Ascorbic Acid;Tocopheryl Acetate;Retinyl Palmitate;BHT;Sodium Hyaluronate;Leuconostoc/Radish Root Ferment Filtrate;Helianthus Annuus (Sunflower) Seed Oil;Citric Acid;Disodium EDTA;Benzoic Acid;Sorbic Acid;Potassium Sorbate;Sodium Benzoate;Chlorphenesin;Phenoxyethanol;Benzyl Alcohol;Cinnamal;Fragrance,",,,,,,,,,,face mask,nan
Face Mask,SK-II,Overnight Miracle Mask,105,3.8,"Galactomyces Ferment Filtrate*, Water, Glycerin, Butylene Glycol, Xylitol, Dipropylene Glycol, Cyclopentasiloxane, Dimethicone, Fragrance, Aluminum Starch Octenylsuccinate, Acrylates/C10-30 Alkyl Acrylate Crosspolymer, Glycereth-25 Pca Isostearate, Aminomethyl Propanol, Dimethiconol, Polymethylsilsesquioxane, Mica, Sodium Benzoate, Phenoxyethanol, Methylparaben, Disodium Edta, Albizia Julibrissin Bark Extract, Methicone, Ci 77891, Ci 77492. *Pitera.",1,1,1,1,1,overnight_miracle_mask,sk_ii,face_mask,sk_ii_overnight_miracle_mask,,,,,,,,,,"Galactomyces Ferment Filtrate*;Glycerin;Butylene Glycol;Xylitol;Dipropylene Glycol;Cyclopentasiloxane;Dimethicone;Fragrance;Aluminum Starch Octenylsuccinate;Acrylates/C10-30 Alkyl Acrylate Crosspolymer;Glycereth-25 Pca Isostearate;Aminomethyl Propanol;Dimethiconol;Polymethylsilsesquioxane;Mica;Sodium Benzoate;Phenoxyethanol;Methylparaben;Disodium Edta;Albizia Julibrissin Bark Extract;Methicone;Ci 77891;Ci 77492, *Pitera,",,,,,,,,,,face mask,nan
Face Mask,GLOW RECIPE,Watermelon Glow Sleeping Mask Mini,22,3.7,"Water, Sodium Hyaluronate, Glycerin, Caulerpa Lentillifera (Seaweed) Extract, Simethicone, Citrullus Lanatus (Watermelon) Fruit, Silica, Propanediol, Glycolic Acid, Lactic Acid, Cucurbita Pepo (Pumpkin) Fruit Extract, Punica Granatum (Pomegranate) Fruit Extract, Musa Sapientum (Banana) Fruit Extract , Paeonia Suffruticosa (Peony) Root Extract, Glycyrrhiza Glabra (Licorice) Root Extract, Brassica Oleracea Capitata (Cabbage) Leaf Extract, Ipomoea Batatas (Sweet Potato) Root Extract, Betaine, Beta Glucan, Hydroxyethylcellulose, Xanthan Gum, Alcohol, Fragrance.",1,1,1,1,1,watermelon_glow_sleeping_mask_mini,glow_recipe,face_mask,glow_recipe_watermelon_glow_sleeping_mask_mini,,,,,,,,,,"Sodium Hyaluronate;Glycerin;Caulerpa Lentillifera (Seaweed) Extract;Simethicone;Citrullus Lanatus (Watermelon) Fruit;Silica;Propanediol;Glycolic Acid;Lactic Acid;Cucurbita Pepo (Pumpkin) Fruit Extract;Punica Granatum (Pomegranate) Fruit Extract;Musa Sapientum (Banana) Fruit Extract;Paeonia Suffruticosa (Peony) Root Extract;Glycyrrhiza Glabra (Licorice) Root Extract;Brassica Oleracea Capitata (Cabbage) Leaf Extract;Ipomoea Batatas (Sweet Potato) Root Extract;Betaine;Beta Glucan;Hydroxyethylcellulose;Xanthan Gum;Alcohol;Fragrance,",,,,,,,,,,face mask,nan
Face Mask,DR. JART+,Lover Rubber Masks,12,4.1,"Water, Methylpropanediol, Chondrus Crispus Extract, Glycerin, 1,2-Hexanediol, Algin, Calcium Lactate, Butylene Glycol, Codium Fragile Extract, EnteromorphaCompressa Extract, Chlorella Minutissima Extract, Dipotassium Glycyrrhizate,Panthenol, Allantoin, PEG-60 Hydrogenated Castor Oil, Titanium Dioxide, Polymethylsilsesquioxane, Melia Azadirachta Leaf Extract, Melia Azadirachta Flower Extract,Coccinia Indica Fruit Extract, Solanum Melongena (Eggplant) Fruit Extract, Aloe BarbadensisFlower Extract, Simmondsia Chinensis (Jojoba) Seed Oil, Ocimum SanctumLeaf Extract, Curcuma Longa (Turmeric) Root Extract, Corallina Officinalis Extract,Silica, Citrus Aurantium Dulcis (Orange) Peel Oil, Citrus Limon (Lemon) Peel Oil, CitrusGrandis (Grapefruit) Peel Oil, Citrus Aurantium Bergamia (Bergamot) Fruit Oil, RosmarinusOfficinalis (Rosemary) Leaf Oil, Eucalyptus Globulus Leaf Oil, Lavandula Angustifolia(Lavender) Oil, Disodium EDTA, Ceratonia Siliqua Gum, Sucrose, PotassiumChloride, Xanthan Gum, Citric Acid, Sodium Citrate, Phenoxyethanol, Ethylhexylglycerin.",1,1,1,1,1,lover_rubber_masks,dr._jart,face_mask,dr._jart_lover_rubber_masks,,,,,,,,,,"Methylpropanediol;Chondrus Crispus Extract;Glycerin;1,2-Hexanediol;Algin;Calcium Lactate;Butylene Glycol;Codium Fragile Extract;EnteromorphaCompressa Extract;Chlorella Minutissima Extract;Dipotassium Glycyrrhizate;Panthenol;Allantoin;PEG-60 Hydrogenated Castor Oil;Titanium Dioxide;Polymethylsilsesquioxane;Melia Azadirachta Leaf Extract;Melia Azadirachta Flower Extract;Coccinia Indica Fruit Extract;Solanum Melongena (Eggplant) Fruit Extract;Aloe BarbadensisFlower Extract;Simmondsia Chinensis (Jojoba) Seed Oil;Ocimum SanctumLeaf Extract;Curcuma Longa (Turmeric) Root Extract;Corallina Officinalis Extract;Silica;Citrus Aurantium Dulcis (Orange) Peel Oil;Citrus Limon (Lemon) Peel Oil;CitrusGrandis (Grapefruit) Peel Oil;Citrus Aurantium Bergamia (Bergamot) Fruit Oil;RosmarinusOfficinalis (Rosemary) Leaf Oil;Eucalyptus Globulus Leaf Oil;Lavandula Angustifolia(Lavender) Oil;Disodium EDTA;Ceratonia Siliqua Gum;Sucrose;PotassiumChloride;Xanthan Gum;Citric Acid;Sodium Citrate;Phenoxyethanol;Ethylhexylglycerin,",,,,,,,,,,face mask,nan
Face Mask,FRESH,Lotus Youth Preserve Rescue Mask,62,4.5,"Water, Glycerin, Propylene Glycol Dicaprylate/Dicaprate, Pentylene Glycol, Cetearyl Alcohol, Lithothamnion Calcareum Powder, Caprylic/Capric Triglyceride, Cetearyl Isononanoate, Betaine, Polyacrylate Crosspolymer-6, Steareth-21, Laminaria Saccharina Extract, Cocos Nucifera (Coconut) Shell Powder, Nelumbo Nucifera Seed Powder, Citrus Limon (Lemon) Peel Oil, Cucumis Sativus (Cucumber) Fruit Extract, Ficus Carica (Fig) Fruit Extract, Averrhoa Carambola Leaf Extract, Crithmum Maritimum Extract, Nelumbo Nucifera Flower Extract, Hibiscus Esculentus Fruit Extract, Tocopheryl Acetate, Ascorbyl Tetraisopalmitate, Tocopherol, Behenyl Alcohol, Cetearyl Glucoside, Dimethicone, Caprylyl Glycol, Butylene Glycol, Cetyl Alcohol, Sodium Polyacrylate Starch, Stearyl Alcohol, Disodium EDTA, Sodium Hyaluronate, BHT, Tetrasodium EDTA, Hydrogenated Vegetable Oil, Caramel, Xanthan Gum, Sorbic Acid, Phenoxyethanol, Limonene, Citral.",0,0,0,0,0,lotus_youth_preserve_rescue_mask,fresh,face_mask,fresh_lotus_youth_preserve_rescue_mask,,,,,,,,,,"Glycerin;Propylene Glycol Dicaprylate/Dicaprate;Pentylene Glycol;Cetearyl Alcohol;Lithothamnion Calcareum Powder;Caprylic/Capric Triglyceride;Cetearyl Isononanoate;Betaine;Polyacrylate Crosspolymer-6;Steareth-21;Laminaria Saccharina Extract;Cocos Nucifera (Coconut) Shell Powder;Nelumbo Nucifera Seed Powder;Citrus Limon (Lemon) Peel Oil;Cucumis Sativus (Cucumber) Fruit Extract;Ficus Carica (Fig) Fruit Extract;Averrhoa Carambola Leaf Extract;Crithmum Maritimum Extract;Nelumbo Nucifera Flower Extract;Hibiscus Esculentus Fruit Extract;Tocopheryl Acetate;Ascorbyl Tetraisopalmitate;Tocopherol;Behenyl Alcohol;Cetearyl Glucoside;Dimethicone;Caprylyl Glycol;Butylene Glycol;Cetyl Alcohol;Sodium Polyacrylate Starch;Stearyl Alcohol;Disodium EDTA;Sodium Hyaluronate;BHT;Tetrasodium EDTA;Hydrogenated Vegetable Oil;Caramel;Xanthan Gum;Sorbic Acid;Phenoxyethanol;Limonene;Citral,",,,,,,,,,,face mask,nan
Face Mask,FRESH,Black Tea Firming Overnight Mask Mini,35,4.0,"Water, Glycerin, Butylene Glycol, Jojoba Esters, Isohexadecane, Ammonium Acryloyldimethyltaurate/Vp Copolymer, Dicaprylyl Carbonate, Camellia Oleifera Seed Oil, Pentylene Glycol, Ethylhexyl Palmitate, Mirabilis Jalapa Extract, Glyceryl Stearate, Steareth-21, Caprylic/Capric Triglyceride, Dimethicone, Oxidized Corn Oil, Butyrospermum Parkii (Shea Butter), Cera Alba (Beeswax), Kigelia, Africana Fruit Extract, Saccharomyces Ferment Filtrate, Camellia Sinensis Leaf Extract, Rubus Fruticosus (Blackberry) Leaf Extract, Litichi Chinensis Seed Extract, Rosa Damascena Flower Oil, Sodium Hyaluronate, Adenosine, Tocopheryl Acetate, Tocopherol, Ceteareth-20, Behenyl Alcohol, Fragrance, Ceteareth-12, Cetearyl Alcohol, Sodium Citrate, Sodium Polyacrylate Starch, Sodium Polyacrylate, Sorbitan Laurate, Disodium Edta, Maltodextrin, Silica, Tetrasodium Edta, Hydroxyethylcellulose, Acetyl Dipeptide-1 Cetyl Ester, Citric Acid, Ci 77891 (Titanium Dioxide), BHT, Potassium Sorbate, Biotin, Phenoxyethanol, Linalool, Citronellol, Geraniol.",1,1,1,0,0,black_tea_firming_overnight_mask_mini,fresh,face_mask,fresh_black_tea_firming_overnight_mask_mini,,,,,,,,,,"Glycerin;Butylene Glycol;Jojoba Esters;Isohexadecane;Ammonium Acryloyldimethyltaurate/Vp Copolymer;Dicaprylyl Carbonate;Camellia Oleifera Seed Oil;Pentylene Glycol;Ethylhexyl Palmitate;Mirabilis Jalapa Extract;Glyceryl Stearate;Steareth-21;Caprylic/Capric Triglyceride;Dimethicone;Oxidized Corn Oil;Butyrospermum Parkii (Shea Butter);Cera Alba (Beeswax);Kigelia;Africana Fruit Extract;Saccharomyces Ferment Filtrate;Camellia Sinensis Leaf Extract;Rubus Fruticosus (Blackberry) Leaf Extract;Litichi Chinensis Seed Extract;Rosa Damascena Flower Oil;Sodium Hyaluronate;Adenosine;Tocopheryl Acetate;Tocopherol;Ceteareth-20;Behenyl Alcohol;Fragrance;Ceteareth-12;Cetearyl Alcohol;Sodium Citrate;Sodium Polyacrylate Starch;Sodium Polyacrylate;Sorbitan Laurate;Disodium Edta;Maltodextrin;Silica;Tetrasodium Edta;Hydroxyethylcellulose;Acetyl Dipeptide-1 Cetyl Ester;Citric Acid;Ci 77891 (Titanium Dioxide);BHT;Potassium Sorbate;Biotin;Phenoxyethanol;Linalool;Citronellol;Geraniol,",,,,,,,,,,face mask,nan
Face Mask,ORIGINS,Original Skin™ Retexturizing Mask with Rose Clay,28,4.7,"Water, Butylene Glycol, Kaolin, Montmorillonite, Polysorbate 20, Jojoba Esters, Peg-100 Stearate, Bentonite, Glycerin, Citrus Grandis (Grapefruit) Peel Oil*, Lavandula Angustifolia (Lavender) Oil*, Pelargonium Graveolens Flower Oil*, Amyris Balsamifera Bark Oil*, Salvia Sclarea (Clary) Oil*, Anthemis Nobilis Flower Oil*, Rosa Centifolia Flower Extract, Limonene, Linalool, Geraniol, Epilobium Angustifolium Flower\Leaf\Stem Extract, Castanea Sativa (Chestnut) Seed Extract, Albizia Julibrissin Bark Extract, Lecithin, Ethylhexylglycerin, Caprylyl Glycol, Propylene Glycol Laurate, Propylene Glycol Stearate, Peg-150 Distearate, Hypnea Musciformis (Algae) Extract, Gellidiela Acerosa (Algae) Extract, Simethicone, Sodium Hyaluronate, Sorbitan Laurate, Hexylene Glycol, Dehydroacetic Acid, Xanthan Gum, Trisodium Edta, Phenoxyethanol, Titanium Dioxide (Ci 77891), Iron Oxides (Ci 77491, Ci 77492, Ci 77499). *Essential Oil.",1,0,1,1,0,original_skin_retexturizing_mask_with_rose_clay,origins,face_mask,origins_original_skin_retexturizing_mask_with_rose_clay,,,,,,,,,,"Butylene Glycol;Kaolin;Montmorillonite;Polysorbate 20;Jojoba Esters;Peg-100 Stearate;Bentonite;Glycerin;Citrus Grandis (Grapefruit) Peel Oil*;Lavandula Angustifolia (Lavender) Oil*;Pelargonium Graveolens Flower Oil*;Amyris Balsamifera Bark Oil*;Salvia Sclarea (Clary) Oil*;Anthemis Nobilis Flower Oil*;Rosa Centifolia Flower Extract;Limonene;Linalool;Geraniol;Epilobium Angustifolium Flower\Leaf\Stem Extract;Castanea Sativa (Chestnut) Seed Extract;Albizia Julibrissin Bark Extract;Lecithin;Ethylhexylglycerin;Caprylyl Glycol;Propylene Glycol Laurate;Propylene Glycol Stearate;Peg-150 Distearate;Hypnea Musciformis (Algae) Extract;Gellidiela Acerosa (Algae) Extract;Simethicone;Sodium Hyaluronate;Sorbitan Laurate;Hexylene Glycol;Dehydroacetic Acid;Xanthan Gum;Trisodium Edta;Phenoxyethanol;Titanium Dioxide (Ci 77891);Iron Oxides (Ci 77491;Ci 77492;Ci 77499), *Essential Oil,",,,,,,,,,,face mask,nan
Face Mask,ORIGINS,"Hello, Calm Relaxing & Hydrating Face Mask with Cannabis Sativa Seed Oil",28,4.8,**Essential Oil.,1,1,1,1,0,"hello,_calm_relaxing_hydrating_face_mask_with_cannabis_sativa_seed_oil",origins,face_mask,"origins_hello,_calm_relaxing_hydrating_face_mask_with_cannabis_sativa_seed_oil",,,,,,,,,,"**Essential Oil,",,,,,,,,,,face mask,nan
Face Mask,FARMACY,Bright On Massage-Activated Vitamin C Mask with Echinacea GreenEnvy™,38,4.6,"Water, Aloe Barbadensis Leaf Juice, Kaolin, Glycerin, Bentonite, Pyrus Malus (Apple) Fruit Extract, Propanediol, Titanium Dioxide (Ci 77891), Sorbitol, 1,2-Hexanediol, Lauroyl Lysine, Chromium Oxide Greens, Maltooligosyl Glucoside, Xanthan Gum, Echinacea Purpurea Root Extract, Ascorbyl Tetraisopalmitate, Ascorbic Acid, Citrus Aurantium Dulcis (Orange) Fruit Extract, Citrus Limon (Lemon) Fruit Extract, Citrus Aurantifolia (Lime) Oil, Vaccinium Myrtillus Fruit/Leaf Extract, Vaccinium Angustifolium (Blueberry) Fruit Extract, Lavandula Angustifolia (Lavender) Oil, Acer Saccharum (Sugar Maple) Extract, Centella Asiatica Extract, Saccharum Officinarum (Sugarcane) Extract, Glycyrrhiza Glabra (Licorice) Root Extract, Lavandula Hybrida Oil, Rosmarinus Officinalis (Rosemary) Leaf Extract, Cucumis Sativus (Cucumber) Fruit Extract, Brassica Oleracea Acephala Leaf Extract, Brassica Oleracea Italica (Broccoli) Extract, Camellia Sinensis Leaf Extract, Mentha Piperita (Peppermint) Oil, Rosmarinus Officinalis (Rosemary) Leaf Oil, Citrus Aurantium Dulcis (Orange) Peel Oil, Anthemis Nobilis Flower Oil, Chamomilla Recutita (Matricaria) Flower Extract, Aloe Barbadensis Leaf Extract, Tocopherol, Betaine, Zingiber Officinale (Ginger) Root Oil, Hydrogenated Starch Hydrolysate, Perilla Ocymoides Seed Oil, Helianthus Annuus (Sunflower) Seed Oil, Trisodium Ethylenediamine Disuccinate, Citrus Aurantium Bergamia (Bergamot) Fruit Oil, Cananga Odorata Flower Oil, Cymbopogon Martini Oil, Pelargonium Graveolens Oil, Pogostemon Cablin Oil, Sclerotium Gum, Pullulan, Polygonum Cuspidatum Root Extract, Scutellaria Baicalensis Root Extract, Abies Sibirica Oil, Cellulose Gum, Sucrose, Mica, Pentaerythrityl Tetra-Di-T-Butyl Hydroxyhydrocinnamate, Potassium Sorbate, Ethylhexylglycerin, Manganese Violet, Polyglyceryl-10 Laurate, Cellulose Acetate Butyrate, Caprylic/Capric Triglyceride, Citric Acid, Polyglyceryl-10 Myristate, Acrylates Copolymer, Sodium Benzoate, Algin, Bioflavonoids, Limonene, Linalool.",1,1,1,1,1,bright_on_massage_activated_vitamin_c_mask_with_echinacea_greenenvy,farmacy,face_mask,farmacy_bright_on_massage_activated_vitamin_c_mask_with_echinacea_greenenvy,,,,,,,,,,"Aloe Barbadensis Leaf Juice;Kaolin;Glycerin;Bentonite;Pyrus Malus (Apple) Fruit Extract;Propanediol;Titanium Dioxide (Ci 77891);Sorbitol;1,2-Hexanediol;Lauroyl Lysine;Chromium Oxide Greens;Maltooligosyl Glucoside;Xanthan Gum;Echinacea Purpurea Root Extract;Ascorbyl Tetraisopalmitate;Ascorbic Acid;Citrus Aurantium Dulcis (Orange) Fruit Extract;Citrus Limon (Lemon) Fruit Extract;Citrus Aurantifolia (Lime) Oil;Vaccinium Myrtillus Fruit/Leaf Extract;Vaccinium Angustifolium (Blueberry) Fruit Extract;Lavandula Angustifolia (Lavender) Oil;Acer Saccharum (Sugar Maple) Extract;Centella Asiatica Extract;Saccharum Officinarum (Sugarcane) Extract;Glycyrrhiza Glabra (Licorice) Root Extract;Lavandula Hybrida Oil;Rosmarinus Officinalis (Rosemary) Leaf Extract;Cucumis Sativus (Cucumber) Fruit Extract;Brassica Oleracea Acephala Leaf Extract;Brassica Oleracea Italica (Broccoli) Extract;Camellia Sinensis Leaf Extract;Mentha Piperita (Peppermint) Oil;Rosmarinus Officinalis (Rosemary) Leaf Oil;Citrus Aurantium Dulcis (Orange) Peel Oil;Anthemis Nobilis Flower Oil;Chamomilla Recutita (Matricaria) Flower Extract;Aloe Barbadensis Leaf Extract;Tocopherol;Betaine;Zingiber Officinale (Ginger) Root Oil;Hydrogenated Starch Hydrolysate;Perilla Ocymoides Seed Oil;Helianthus Annuus (Sunflower) Seed Oil;Trisodium Ethylenediamine Disuccinate;Citrus Aurantium Bergamia (Bergamot) Fruit Oil;Cananga Odorata Flower Oil;Cymbopogon Martini Oil;Pelargonium Graveolens Oil;Pogostemon Cablin Oil;Sclerotium Gum;Pullulan;Polygonum Cuspidatum Root Extract;Scutellaria Baicalensis Root Extract;Abies Sibirica Oil;Cellulose Gum;Sucrose;Mica;Pentaerythrityl Tetra-Di-T-Butyl Hydroxyhydrocinnamate;Potassium Sorbate;Ethylhexylglycerin;Manganese Violet;Polyglyceryl-10 Laurate;Cellulose Acetate Butyrate;Caprylic/Capric Triglyceride;Citric Acid;Polyglyceryl-10 Myristate;Acrylates Copolymer;Sodium Benzoate;Algin;Bioflavonoids;Limonene;Linalool,",,,,,,,,,,face mask,nan
Face Mask,REN CLEAN SKINCARE,Glycol Lactic Radiance Renewal Mask,56,4.4,Visit the REN Clean Skincare boutique,1,1,1,1,0,glycol_lactic_radiance_renewal_mask,ren_clean_skincare,face_mask,ren_clean_skincare_glycol_lactic_radiance_renewal_mask,,,,,,,,,,Visit the REN Clean Skincare boutique,,,,,,,,,,face mask,nan
Face Mask,KIEHL'S SINCE 1851,Calendula & Aloe Soothing Hydration Mask,45,4.0,"Water, Glycerin, Aloe Barbadensis Leaf Juice, Butylene Glycol, Ppg-26-Buteth-26, Peg-40 Hydrogenated Castor Oil, Glyceryl Acrylate/Acrylic Acid Copolymer, Carbomer, Calendula Officinalis Flower, Phenoxyethanol, Limonene, Calendula Officinalis Flower Extract, Ethylhexylglycerin, Citrus Limon Peel Oil, Lemon Peel Oil, Paeonia Suffruticosa Root Extract, Scutellaria Baicalensis Root Extract, Sodium Hydroxide, Citrus Aurantium Dulcis (Orange) Peel Oil, Tocopheryl Acetate, Cassia Angustifolia Seed Polysaccharide, Pelargonium Graveolens Flower Oil, Anthemis Nobilis Flower Oil, Citral, Citric Acid, Potassium Sorbate, Artemisia Absinthium Extract, Sodium Benzoate, Tocopherol.",1,1,1,1,1,calendula_aloe_soothing_hydration_mask,kiehl's_since_1851,face_mask,kiehl's_since_1851_calendula_aloe_soothing_hydration_mask,,,,,,,,,,"Glycerin;Aloe Barbadensis Leaf Juice;Butylene Glycol;Ppg-26-Buteth-26;Peg-40 Hydrogenated Castor Oil;Glyceryl Acrylate/Acrylic Acid Copolymer;Carbomer;Calendula Officinalis Flower;Phenoxyethanol;Limonene;Calendula Officinalis Flower Extract;Ethylhexylglycerin;Citrus Limon Peel Oil;Lemon Peel Oil;Paeonia Suffruticosa Root Extract;Scutellaria Baicalensis Root Extract;Sodium Hydroxide;Citrus Aurantium Dulcis (Orange) Peel Oil;Tocopheryl Acetate;Cassia Angustifolia Seed Polysaccharide;Pelargonium Graveolens Flower Oil;Anthemis Nobilis Flower Oil;Citral;Citric Acid;Potassium Sorbate;Artemisia Absinthium Extract;Sodium Benzoate;Tocopherol,",,,,,,,,,,face mask,nan
Face Mask,ORIGINS,Out of Trouble™ 10 Minute Mask to Rescue Problem Skin,28,4.4,"Water, Cetyl Esters, Zinc Oxide, Titanium Dioxide, Cetyl Alcohol, Cetearyl Alcohol, Glycerin, Glyceryl Stearate, Peg-100 Stearate, Camphor, Ceteareth-20, Salicylic Acid, Colloidal Sulfur, Butylene Glycol, Bentonite, Caprylyl Glycol, Hexylene Glycol, Phenoxyethanol Please be aware that ingredient lists may change or vary from time to time.� Please refer to the ingredient list on the product package you receive for the most up to date list of ingredients.",0,0,0,0,0,out_of_trouble_10_minute_mask_to_rescue_problem_skin,origins,face_mask,origins_out_of_trouble_10_minute_mask_to_rescue_problem_skin,,,,,,,,,,"Cetyl Esters;Zinc Oxide;Titanium Dioxide;Cetyl Alcohol;Cetearyl Alcohol;Glycerin;Glyceryl Stearate;Peg-100 Stearate;Camphor;Ceteareth-20;Salicylic Acid;Colloidal Sulfur;Butylene Glycol;Bentonite;Caprylyl Glycol;Hexylene Glycol;Phenoxyethanol Please be aware that ingredient lists may change or vary from time to time,� Please refer to the ingredient list on the product package you receive for the most up to date list of ingredients,",,,,,,,,,,face mask,nan
Face Mask,KIEHL'S SINCE 1851,Turmeric & Cranberry Seed Energizing Radiance Mask,39,4.5,"Water, Kaolin, Sorbitol, Bentonite, Butylene Glycol, Silica, Ci 77891, Titanium Dioxide, Vaccinium Macrocarpon (Cranberry) Seed, Pentylene Glycol, 1,2-Hexanediol, Jojoba Seed Oil, Caprylyl Glycol, Xanthan Gum, Polysorbate 60, Polyacrylamide, Ci 77492, Iron Oxides, Glycerin, C13-14 Isoparaffin, Turmeric Root Extract, Ascorbyl Glucoside, Trisodium Ethylenediamine Disuccinate, Laureth-7, Eucalyptus Globulus Leaf Oil, Camellia Oleifera Leaf Extract, Peppermint Leaf Extract, Menthol, Epilobium Angustifolium Extract - Epilobium Angustifolium Flower/Leaf/Stem Extract, Aminomethyl Propanol, Vaccinium Macrocarpon (Cranberry) Seed Oil.",1,1,1,1,1,turmeric_cranberry_seed_energizing_radiance_mask,kiehl's_since_1851,face_mask,kiehl's_since_1851_turmeric_cranberry_seed_energizing_radiance_mask,,,,,,,,,,"Kaolin;Sorbitol;Bentonite;Butylene Glycol;Silica;Ci 77891;Titanium Dioxide;Vaccinium Macrocarpon (Cranberry) Seed;Pentylene Glycol;1,2-Hexanediol;Jojoba Seed Oil;Caprylyl Glycol;Xanthan Gum;Polysorbate 60;Polyacrylamide;Ci 77492;Iron Oxides;Glycerin;C13-14 Isoparaffin;Turmeric Root Extract;Ascorbyl Glucoside;Trisodium Ethylenediamine Disuccinate;Laureth-7;Eucalyptus Globulus Leaf Oil;Camellia Oleifera Leaf Extract;Peppermint Leaf Extract;Menthol;Epilobium Angustifolium Extract - Epilobium Angustifolium Flower/Leaf/Stem Extract;Aminomethyl Propanol;Vaccinium Macrocarpon (Cranberry) Seed Oil,",,,,,,,,,,face mask,nan
Face Mask,GLAMGLOW,The Ultimate Glow Set,169,0.0,"-Charcoal: Detoxifies. -Volcanic Pumice: Exfoliates. -Witch Hazel: Tones. SUPERMUD® Clearing Treatment: Water, Kaolin, Magnesium Aluminum Silicate, Mandelic Acid, Carbon, Eucalyptus Globulus Leaf, Tartaric Acid, Pyruvic Acid, Lactic Acid, Salicylic Acid, Glycolic Acid, Eucalyptus Globulus Leaf Powder, Aloe Barbadensis Leaf Juice, Glycyrrhiza Glabra (Licorice) Root Extract, Cucumis Sativus (Cucumber) Fruit Extract, Hedera Helix (Ivy) Extract, Symphytum Officinale (Comfrey) Leaf Extract, Chamomilla Recutita (Matricaria) Extract, Peg-12 Dimethicone, Caprylyl Glycol, Sodium Hydroxide, Butylene Glycol, Mentha Piperita (Peppermint) Oil, Hectorite, Hexylene Glycol, Glycerin, Calendula Officinalis Extract, Maltodextrin, Ethylhexylglycerin, Xanthan Gum, Fragrance, Limonene, Benzyl Benzoate, Linalool, Phenoxyethanol, Potassium Sorbate, Sodium Benzoate, Iron Oxides (Ci 77499). THIRSTYMUD™ Hydrating Treatment: Water, Caprylic/Capric Triglyceride, Glycerin, Butylene Glycol, Cyclopentasiloxane, Glyceryl Polymethacrylate, Pyrus Malus (Apple) Fruit Extract, Peg-8, Glyceryl Stearate, Peg-100 Stearate, Cetearyl Alcohol, Sodium Polyacryloyldimethyl Taurate, Saccharide Isomerate, Caprylyl Glycol, Olea Europaea (Olive) Leaf Powder, Avena Sativa (Oat) Bran Extract, Hydrogenated Polydecene, Polysorbate 60, Cetyl Alcohol, Zingiber Officinale (Ginger) Root Extract, Menthoxypropanediol, Honey/Mel/Miel, Aminomethyl Propanol, Camellia Sinensis (Green Tea) Leaf Powder, Acrylates/C10-30 Alkyl Acrylate Crosspolymer, Ethylhexylglycerin, Tocopheryl Acetate, Allantoin, Kaolin, Hexylene Glycol, Buteth-3, Trideceth-10, Benzophenone-4, Sodium Benzotriazolyl Butylphenol Sulfonate, Cocos Nucifera (Coconut) Fruit Extract, Sodium Hyaluronate, Alcohol, Tris(Tetramethylhydroxypiperidinol) Citrate, Fragrance, Coumarin, Linalool, Tetrahexyldecyl Ascorbate, Disodium Edta, Sodium Benzoate, Potassium Sorbate, Phenoxyethanol Gold GRAVITYMUD™ Firming Treatment: Water, Polyvinyl Alcohol, Alcohol Denat., Butylene Glycol, Glycerin, Ethylhexyl Hydroxystearate, Hamamelis Virginiana (Witch Hazel) Water, Montmorillonite, Pentylene Glycol, Illite, Polysorbate 20, Canadian Colloidal Clay, Caprylyl Glycol, Althaea Officinalis Leaf Extract, Tapioca Starch, Chondrus Crispus (Carrageenan), Colloidal Platinum, Dipotassium Glycyrrhizate, Alcohol, Ascophyllum Nodosum Powder, Polysorbate 80, Polymethylsilsesquioxane, Hydroxypropyl Methylcellulose, Citric Acid, Lecithin, Pullulan, Porphyridium Cruentum Extract, Soy Isoflavones, Sodium Hyaluronate, Xanthan Gum, Fragrance, Coumarin, Disodium Edta, Phenoxyethanol, Sorbic Acid, Potassium Sorbate, Bismuth Oxychloride (Ci 77163). #GLITTERMASK GRAVITYMUD™ Firming Treatment: -TEAOXI® Complex (Licorice and Marshmallow Leaf): Creates a firmer-looking complexion. -Vizitight (Firming Matrix, Marine Algae Plasma, and Biodefine Polymers): Delivers tighter-looking skin. -Lunarlift: Tones and tightens the appearance of skin with soy isoflavone liposome red algae extract. -Cosmiplexion (Icelandic Kelp, Hyaluronic Acid, and Glacial Clay): Supports a youthful appearance.",1,1,1,1,1,the_ultimate_glow_set,glamglow,face_mask,glamglow_the_ultimate_glow_set,,,,,,,,,,"-Charcoal: Detoxifies, -Volcanic Pumice: Exfoliates, -Witch Hazel: Tones, SUPERMUD® Clearing Treatment: Water;Kaolin;Magnesium Aluminum Silicate;Mandelic Acid;Carbon;Eucalyptus Globulus Leaf;Tartaric Acid;Pyruvic Acid;Lactic Acid;Salicylic Acid;Glycolic Acid;Eucalyptus Globulus Leaf Powder;Aloe Barbadensis Leaf Juice;Glycyrrhiza Glabra (Licorice) Root Extract;Cucumis Sativus (Cucumber) Fruit Extract;Hedera Helix (Ivy) Extract;Symphytum Officinale (Comfrey) Leaf Extract;Chamomilla Recutita (Matricaria) Extract;Peg-12 Dimethicone;Caprylyl Glycol;Sodium Hydroxide;Butylene Glycol;Mentha Piperita (Peppermint) Oil;Hectorite;Hexylene Glycol;Glycerin;Calendula Officinalis Extract;Maltodextrin;Ethylhexylglycerin;Xanthan Gum;Fragrance;Limonene;Benzyl Benzoate;Linalool;Phenoxyethanol;Potassium Sorbate;Sodium Benzoate;Iron Oxides (Ci 77499), THIRSTYMUD™ Hydrating Treatment: Water;Caprylic/Capric Triglyceride;Glycerin;Butylene Glycol;Cyclopentasiloxane;Glyceryl Polymethacrylate;Pyrus Malus (Apple) Fruit Extract;Peg-8;Glyceryl Stearate;Peg-100 Stearate;Cetearyl Alcohol;Sodium Polyacryloyldimethyl Taurate;Saccharide Isomerate;Caprylyl Glycol;Olea Europaea (Olive) Leaf Powder;Avena Sativa (Oat) Bran Extract;Hydrogenated Polydecene;Polysorbate 60;Cetyl Alcohol;Zingiber Officinale (Ginger) Root Extract;Menthoxypropanediol;Honey/Mel/Miel;Aminomethyl Propanol;Camellia Sinensis (Green Tea) Leaf Powder;Acrylates/C10-30 Alkyl Acrylate Crosspolymer;Ethylhexylglycerin;Tocopheryl Acetate;Allantoin;Kaolin;Hexylene Glycol;Buteth-3;Trideceth-10;Benzophenone-4;Sodium Benzotriazolyl Butylphenol Sulfonate;Cocos Nucifera (Coconut) Fruit Extract;Sodium Hyaluronate;Alcohol;Tris(Tetramethylhydroxypiperidinol) Citrate;Fragrance;Coumarin;Linalool;Tetrahexyldecyl Ascorbate;Disodium Edta;Sodium Benzoate;Potassium Sorbate;Phenoxyethanol Gold GRAVITYMUD™ Firming Treatment: Water;Polyvinyl Alcohol;Alcohol Denat,;Butylene Glycol;Glycerin;Ethylhexyl Hydroxystearate;Hamamelis Virginiana (Witch Hazel) Water;Montmorillonite;Pentylene Glycol;Illite;Polysorbate 20;Canadian Colloidal Clay;Caprylyl Glycol;Althaea Officinalis Leaf Extract;Tapioca Starch;Chondrus Crispus (Carrageenan);Colloidal Platinum;Dipotassium Glycyrrhizate;Alcohol;Ascophyllum Nodosum Powder;Polysorbate 80;Polymethylsilsesquioxane;Hydroxypropyl Methylcellulose;Citric Acid;Lecithin;Pullulan;Porphyridium Cruentum Extract;Soy Isoflavones;Sodium Hyaluronate;Xanthan Gum;Fragrance;Coumarin;Disodium Edta;Phenoxyethanol;Sorbic Acid;Potassium Sorbate;Bismuth Oxychloride (Ci 77163), #GLITTERMASK GRAVITYMUD™ Firming Treatment: -TEAOXI® Complex (Licorice and Marshmallow Leaf): Creates a firmer-looking complexion, -Vizitight (Firming Matrix;Marine Algae Plasma;and Biodefine Polymers): Delivers tighter-looking skin, -Lunarlift: Tones and tightens the appearance of skin with soy isoflavone liposome red algae extract, -Cosmiplexion (Icelandic Kelp;Hyaluronic Acid;and Glacial Clay): Supports a youthful appearance,",,,,,,,,,,face mask,nan
Face Mask,ORIGINS,Clear Improvement™ Charcoal Honey Mask to Purify and Nourish,34,4.7,*Essential Oil,1,1,1,1,0,clear_improvement_charcoal_honey_mask_to_purify_and_nourish,origins,face_mask,origins_clear_improvement_charcoal_honey_mask_to_purify_and_nourish,,,,,,,,,,*Essential Oil,,,,,,,,,,face mask,nan
Face Mask,SEPHORA COLLECTION,Hand Mask,5,4.1,"Water, Glycerin, Carthamus Tinctorius (Safflower) Seed Oil, Urea, Butylene Glycol, Glyceryl Stearate, Cetearyl Alcohol, Propylene Glycol, Aloe Barbadensis Leaf Extract, PEG-100 Stearate, Fragrance, Phenoxyethanol, Dimethicone, Arginine, Carbomer, Caprylyl Glycol, 1.2-Hexanediol, Propanediol, Butyrospermum Parkii Butter Extract (Butyrospermum Parkii (Shea Butter) Extract), Disodium EDTA, Tocopheryl Acetate, Sodium Hyaluronate, Illicium Verum (Anise) Fruit Extract.",0,0,0,0,0,hand_mask,sephora_collection,face_mask,sephora_collection_hand_mask,,,,,,,,,,"Glycerin;Carthamus Tinctorius (Safflower) Seed Oil;Urea;Butylene Glycol;Glyceryl Stearate;Cetearyl Alcohol;Propylene Glycol;Aloe Barbadensis Leaf Extract;PEG-100 Stearate;Fragrance;Phenoxyethanol;Dimethicone;Arginine;Carbomer;Caprylyl Glycol;1,2-Hexanediol;Propanediol;Butyrospermum Parkii Butter Extract (Butyrospermum Parkii (Shea Butter) Extract);Disodium EDTA;Tocopheryl Acetate;Sodium Hyaluronate;Illicium Verum (Anise) Fruit Extract,",,,,,,,,,,face mask,nan
Face Mask,FRESH,Vitamin C Glow Face Mask,62,3.9,"Water, Glucose, Citrus Limon (Lemon) Fruit Extract, Citrus Clementina Fruit Extract, Citrus Sinensis (Orange) Fruit Extract, Fructose, Glycerin, Sucrose, Citrus Medica Limonum (Lemon) Fruit Extract, Vaccinium Myrtillus Fruit Extract, Pyrus Cydonia Seed Extract, Saccharum Officinarum (Sugar Cane) Extract, Glycine Soja (Soybean) Oil, Citrus Aurantium Dulcis (Orange) Fruit Extract, Acer Saccharum (Sugar Maple) Extract, Tocopheryl Acetate, Ascorbyl Tetraisopalmitate, Tocopherol, Xanthan Gum, Butylene Glycol, Sclerotium Gum, Tetrasodium EDTA, Sodium Citrate, Parfum (Fragrance), Panthenol, Caramel, Sodium Metabisulfite, Citric Acid, Potassium Sorbate, Magnesium Aspartate, Zinc Gluconate, Copper Gluconate, CI 75120 (Annatto), Phenoxyethanol, Limonene.",1,1,1,1,1,vitamin_c_glow_face_mask,fresh,face_mask,fresh_vitamin_c_glow_face_mask,,,,,,,,,,"Glucose;Citrus Limon (Lemon) Fruit Extract;Citrus Clementina Fruit Extract;Citrus Sinensis (Orange) Fruit Extract;Fructose;Glycerin;Sucrose;Citrus Medica Limonum (Lemon) Fruit Extract;Vaccinium Myrtillus Fruit Extract;Pyrus Cydonia Seed Extract;Saccharum Officinarum (Sugar Cane) Extract;Glycine Soja (Soybean) Oil;Citrus Aurantium Dulcis (Orange) Fruit Extract;Acer Saccharum (Sugar Maple) Extract;Tocopheryl Acetate;Ascorbyl Tetraisopalmitate;Tocopherol;Xanthan Gum;Butylene Glycol;Sclerotium Gum;Tetrasodium EDTA;Sodium Citrate;Parfum (Fragrance);Panthenol;Caramel;Sodium Metabisulfite;Citric Acid;Potassium Sorbate;Magnesium Aspartate;Zinc Gluconate;Copper Gluconate;CI 75120 (Annatto);Phenoxyethanol;Limonene,",,,,,,,,,,face mask,nan
Face Mask,SHISEIDO,White Lucent Power Brightening Mask,70,4.4,-4MSK: Helps remove melanin trapped in dark spots and ion force complex works to slough off the surface cells that contain melanin.,0,0,0,0,0,white_lucent_power_brightening_mask,shiseido,face_mask,shiseido_white_lucent_power_brightening_mask,,,,,,,,,,"-4MSK: Helps remove melanin trapped in dark spots and ion force complex works to slough off the surface cells that contain melanin,",,,,,,,,,,face mask,nan
Face Mask,SEPHORA COLLECTION,Hand Mask - Avocado,5,3.7,"Water, Glycerin, Butylene Glycol, Carthamus Tinctorius (Safflower) Seed Oil, Urea, Glyceryl Stearate, Cetearyl Alcohol, Propylene Glycol, Persea Gratissima (Avocado) Fruit Extract, PEG-100 Stearate, Fragrance, Phenoxyethanol, Dimethicone, Arginine, Carbomer, Caprylyl Glycol, 1,2-Hexanediol, Propanediol, Butyrospermum Parkii Butter Extract (Butyrospermum Parkii (Shea Butter) Extract), Disodium EDTA, Linalool, Tocopheryl Acetate, Citronellol, Illicium Verum (Anise) Fruit Extract, Hydroxycitronellal, Sodium Hyaluronate, Geraniol, Alpha-Isomethyl Ionone.",0,0,0,0,0,hand_mask_avocado,sephora_collection,face_mask,sephora_collection_hand_mask_avocado,,,,,,,,,,"Glycerin;Butylene Glycol;Carthamus Tinctorius (Safflower) Seed Oil;Urea;Glyceryl Stearate;Cetearyl Alcohol;Propylene Glycol;Persea Gratissima (Avocado) Fruit Extract;PEG-100 Stearate;Fragrance;Phenoxyethanol;Dimethicone;Arginine;Carbomer;Caprylyl Glycol;1,2-Hexanediol;Propanediol;Butyrospermum Parkii Butter Extract (Butyrospermum Parkii (Shea Butter) Extract);Disodium EDTA;Linalool;Tocopheryl Acetate;Citronellol;Illicium Verum (Anise) Fruit Extract;Hydroxycitronellal;Sodium Hyaluronate;Geraniol;Alpha-Isomethyl Ionone,",,,,,,,,,,face mask,nan
Face Mask,SK-II,Brightening Derm Revival Mask,170,4.5,"Water, Galactomyces Ferment Filtrate (Pitera), Butylene Glycol, Niacinamide, Glycerin, Pentylene Glycol, Ascorbyl Glucoside, Inositol, Acrylates/C10-30 Alkyl Acrylate Crosspolymer, Hexapeptide-11, Sodium Hydroxide, Disodium EDTA, Benzyl Alcohol, Methylparaben, Phenoxyethanol.",1,1,1,1,1,brightening_derm_revival_mask,sk_ii,face_mask,sk_ii_brightening_derm_revival_mask,,,,,,,,,,"Galactomyces Ferment Filtrate (Pitera);Butylene Glycol;Niacinamide;Glycerin;Pentylene Glycol;Ascorbyl Glucoside;Inositol;Acrylates/C10-30 Alkyl Acrylate Crosspolymer;Hexapeptide-11;Sodium Hydroxide;Disodium EDTA;Benzyl Alcohol;Methylparaben;Phenoxyethanol,",,,,,,,,,,face mask,nan
Face Mask,LA MER,The Brilliance Brightening Mask,250,4.4,"Declustered Water (-)/Aqua/Eau De-Structuree (-), Declustered Water (+)/Aqua/Eau De-Structuree (+), Methyl Gluceth-20, Peg-75, Butylene Glycol, Glycerin, Bis-Peg-18 Methyl Ether Dimethyl Silane, Algae (Seaweed) Extract, Sesamum Indicum (Sesame) Seed Oil, Medicago Sativa (Alfalfa) Seed Powder, Helianthus Annuus (Sunflower) Seedcake, Prunus Amygdalus Dulcis (Sweet Almond) Seed Meal, Eucalyptus Globulus (Eucalyptus) Leaf Oil, Sodium Gluconate, Copper Gluconate, Calcium Gluconate, Magnesium Gluconate, Zinc Gluconate, Tocopheryl Succinate, Niacin, Sesamum Indicum (Sesame) Seed Powder, Ascophyllum Nodosum Extract, Corallina Officinalis Extract, Laminaria Saccharina Extract, Chlorella Vulgaris Extract, Laminaria Digitata Extract, Palmaria Palmata Extract, Pyrus Malus (Apple) Fruit Extract, Hordeum Vulgare (Barley) Extract/Extrait D'Orge, Triticum Vulgare (Wheat) Germ Extract, Morus Nigra (Mulberry) Root Extract, Scutellaria Baicalensis Root Extract, Vitis Vinifera (Grape) Seed Extract, Rosmarinus Officinalis (Rosemary) Leaf Extract, Saccharomyces Lysate Extract, Citrus Reticulata (Tangerine) Peel Extract, Asparagopsis Armata Extract, Sigesbeckia Orientalis (St. Paul'S Wort) Extract, Punica Granatum (Pomegranate) Fruit Juice, Citrullus Vulgaris (Watermelon) Fruit Extract, Vitis Vinifera (Grape) Fruit Extract, Tourmaline, Linolenic Acid, Lens Esculenta (Lentil) Fruit Extract, Polygonum Cuspidatum Root Extract, Oleth-5, Glycereth-26, Citrus Aurantifolia (Lime) Peel Extract, Squalane, Humulus Lupulus (Hops) Extract, Yeast Extract/Faex/Extrait De Levure, Acetyl Hexapeptide-8, Tocopheryl Acetate, Caffeine, Hydrolyzed Rice Extract, Acetyl Glucosamine, Yeast Polysaccharides, Hydrolyzed Jojoba Esters, Sodium Rna, Oleth-10 Phosphate, Camelina Sativa Seed Oil, Bifida Ferment Lysate, Sodium Hyaluronate, Sodium Pca, Tetraacetylphytosphingosine, Micrococcus Lysate, Sucrose, Carbomer, Caprylyl Glycol, Sorbitol, Dipotassium Glycyrrhizate, Tetrahexyldecyl Ascorbate, Sodium Hydroxide, Magnesium Ascorbyl Phosphate, Sodium Lactate, Xanthan Gum, Choleth-24, Linoleic Acid, Hexylene Glycol, Ceteth-24, Lecithin, Hydrogenated Lecithin, Ethylbisiminomethylguaiacol Manganese Chloride, Nordihydroguaiaretic Acid, Alcohol Denat., Fragrance, Disodium Edta, Bht, Hydroxycitronellal, Limonene, Linalool, Geraniol, Citronellol, Benzyl Salicylate, Benzyl Benzoate, Phenoxyethanol Rds Product Name The Brilliance Brightening Mask Division",0,0,0,0,0,the_brilliance_brightening_mask,la_mer,face_mask,la_mer_the_brilliance_brightening_mask,,,,,,,,,,"Declustered Water (-)/Aqua/Eau De-Structuree (-);Declustered Water (+)/Aqua/Eau De-Structuree (+);Methyl Gluceth-20;Peg-75;Butylene Glycol;Glycerin;Bis-Peg-18 Methyl Ether Dimethyl Silane;Algae (Seaweed) Extract;Sesamum Indicum (Sesame) Seed Oil;Medicago Sativa (Alfalfa) Seed Powder;Helianthus Annuus (Sunflower) Seedcake;Prunus Amygdalus Dulcis (Sweet Almond) Seed Meal;Eucalyptus Globulus (Eucalyptus) Leaf Oil;Sodium Gluconate;Copper Gluconate;Calcium Gluconate;Magnesium Gluconate;Zinc Gluconate;Tocopheryl Succinate;Niacin;Sesamum Indicum (Sesame) Seed Powder;Ascophyllum Nodosum Extract;Corallina Officinalis Extract;Laminaria Saccharina Extract;Chlorella Vulgaris Extract;Laminaria Digitata Extract;Palmaria Palmata Extract;Pyrus Malus (Apple) Fruit Extract;Hordeum Vulgare (Barley) Extract/Extrait D'Orge;Triticum Vulgare (Wheat) Germ Extract;Morus Nigra (Mulberry) Root Extract;Scutellaria Baicalensis Root Extract;Vitis Vinifera (Grape) Seed Extract;Rosmarinus Officinalis (Rosemary) Leaf Extract;Saccharomyces Lysate Extract;Citrus Reticulata (Tangerine) Peel Extract;Asparagopsis Armata Extract;Sigesbeckia Orientalis (St, Paul'S Wort) Extract;Punica Granatum (Pomegranate) Fruit Juice;Citrullus Vulgaris (Watermelon) Fruit Extract;Vitis Vinifera (Grape) Fruit Extract;Tourmaline;Linolenic Acid;Lens Esculenta (Lentil) Fruit Extract;Polygonum Cuspidatum Root Extract;Oleth-5;Glycereth-26;Citrus Aurantifolia (Lime) Peel Extract;Squalane;Humulus Lupulus (Hops) Extract;Yeast Extract/Faex/Extrait De Levure;Acetyl Hexapeptide-8;Tocopheryl Acetate;Caffeine;Hydrolyzed Rice Extract;Acetyl Glucosamine;Yeast Polysaccharides;Hydrolyzed Jojoba Esters;Sodium Rna;Oleth-10 Phosphate;Camelina Sativa Seed Oil;Bifida Ferment Lysate;Sodium Hyaluronate;Sodium Pca;Tetraacetylphytosphingosine;Micrococcus Lysate;Sucrose;Carbomer;Caprylyl Glycol;Sorbitol;Dipotassium Glycyrrhizate;Tetrahexyldecyl Ascorbate;Sodium Hydroxide;Magnesium Ascorbyl Phosphate;Sodium Lactate;Xanthan Gum;Choleth-24;Linoleic Acid;Hexylene Glycol;Ceteth-24;Lecithin;Hydrogenated Lecithin;Ethylbisiminomethylguaiacol Manganese Chloride;Nordihydroguaiaretic Acid;Alcohol Denat,;Fragrance;Disodium Edta;Bht;Hydroxycitronellal;Limonene;Linalool;Geraniol;Citronellol;Benzyl Salicylate;Benzyl Benzoate;Phenoxyethanol Rds Product Name The Brilliance Brightening Mask Division",,,,,,,,,,face mask,nan
Face Mask,SEPHORA COLLECTION,Face Mask - Pearl - Brightening,6,4.4,"Water, Butylene Glycol, Glycerin, Salix Alba (Willow) Bark Extract, Betaine, Xanthan Gum, 1,2-Hexanediol, Hydroxyacetophenone, Parfum (Fragrance), Synthetic Fluorphlogopite, CI 77891 (Titanium Dioxide), Mother Of Pearl Extract, Passiflora Edulis Fruit Extract, Linalool, Hexyl Cinnamal, Conchiolin Powder, Phenoxyethanol, Prunus Persica (Peach) Flower Extract, Tin Oxide.",0,0,0,0,0,face_mask_pearl_brightening,sephora_collection,face_mask,sephora_collection_face_mask_pearl_brightening,,,,,,,,,,"Butylene Glycol;Glycerin;Salix Alba (Willow) Bark Extract;Betaine;Xanthan Gum;1,2-Hexanediol;Hydroxyacetophenone;Parfum (Fragrance);Synthetic Fluorphlogopite;CI 77891 (Titanium Dioxide);Mother Of Pearl Extract;Passiflora Edulis Fruit Extract;Linalool;Hexyl Cinnamal;Conchiolin Powder;Phenoxyethanol;Prunus Persica (Peach) Flower Extract;Tin Oxide,",,,,,,,,,,face mask,nan
Face Mask,EVE LOM,Rescue Mask,85,3.9,"Kaolin, Water, Glycerin, Alcohol Denat., (Mel) Honey, Prunus Amygdalus Dulcis (Sweet Almond) Seed Meal, Phenoxyethanol, Camphor, Magnesium Aluminum Silicate, Calcium Chloride, Magnesium Chloride, Sodium Chloride, Ethylhexylglycerin, Aluminum Chlorohydrate, Allantoin.",1,1,1,1,1,rescue_mask,eve_lom,face_mask,eve_lom_rescue_mask,,,,,,,,,,"Kaolin;Glycerin;Alcohol Denat,;(Mel) Honey;Prunus Amygdalus Dulcis (Sweet Almond) Seed Meal;Phenoxyethanol;Camphor;Magnesium Aluminum Silicate;Calcium Chloride;Magnesium Chloride;Sodium Chloride;Ethylhexylglycerin;Aluminum Chlorohydrate;Allantoin,",,,,,,,,,,face mask,nan
Face Mask,FRESH,Black Tea Instant Perfecting Mask Mini,35,4.7,"Water, Glycerin, Rice Ferment Filtrate (Sake), Caprylic/Capric Triglyceride, Pentylene Glycol, Sodium Polyacrylate, Betaine, Saccharomyces Ferment Filtrate, Camellia Sinensis Leaf Extract, Avena Sativa (Oat) Kernel Extract, Vitis Vinif- era (Grape) Seed Oil, Litchi Chinensis Seed Extract, Rubus Fruticosus (Blackberry) Leaf Extract, Rosa Damascena Flower Oil, Sodium Hyaluronate, Adenosine, Tocopheryl Ac- etate, Tocopherol, Ethylhexyl Palmitate, Poloxamer 407, Butylene Glycol, Parfum (Fragrance), Hydrogenated Lecithin, Menthoxypropanediol, Maltodextrin, Silica, CI 77891 (Titanium Dioxide), Trihydroxystearin, Hydroxyethylcellulose, Disodium EDTA, Sodium Citrate, Caprylyl Glycol, Citric Acid, Caramel, Hexylene Glycol, Potassium Sorbate, BHT, Biotin, Phenoxyethanol, Linalool.",0,0,0,0,0,black_tea_instant_perfecting_mask_mini,fresh,face_mask,fresh_black_tea_instant_perfecting_mask_mini,,,,,,,,,,"Glycerin;Rice Ferment Filtrate (Sake);Caprylic/Capric Triglyceride;Pentylene Glycol;Sodium Polyacrylate;Betaine;Saccharomyces Ferment Filtrate;Camellia Sinensis Leaf Extract;Avena Sativa (Oat) Kernel Extract;Vitis Vinif- era (Grape) Seed Oil;Litchi Chinensis Seed Extract;Rubus Fruticosus (Blackberry) Leaf Extract;Rosa Damascena Flower Oil;Sodium Hyaluronate;Adenosine;Tocopheryl Ac- etate;Tocopherol;Ethylhexyl Palmitate;Poloxamer 407;Butylene Glycol;Parfum (Fragrance);Hydrogenated Lecithin;Menthoxypropanediol;Maltodextrin;Silica;CI 77891 (Titanium Dioxide);Trihydroxystearin;Hydroxyethylcellulose;Disodium EDTA;Sodium Citrate;Caprylyl Glycol;Citric Acid;Caramel;Hexylene Glycol;Potassium Sorbate;BHT;Biotin;Phenoxyethanol;Linalool,",,,,,,,,,,face mask,nan
Face Mask,OLEHENRIKSEN,Cold Plunge Pore Mask,36,4.6,"Water, Kaolin, Glycerin, Disodium Lauryl Sulfosuccinate, Bentonite, Cetearyl Alcohol, Lactic Acid, Lauramidopropyl Betaine, Sodium C14-16 Olefin Sulfonate, Menthoxypropanediol, Persea Gratissima (Avocado) Oil, Phenoxyethanol, Potassium Hydroxide, Salicylic Acid, Mentha Piperita (Peppermint) Oil, Sodium Chloride, Ethylhexylglycerin, Propanediol, Sodium Phytate, Xanthan Gum, Epilobium Fleischeri Extract, Saussurea Involucrata Extract, Citric Acid, Potassium Sorbate, Macrocystis Pyrifera (Kelp) Extract*, Eucalyptus Globulus Leaf Extract*, Chondrus Crispus (Carrageenan) Extract*, Camellia Sinensis Leaf Extract*, Tocopherol, Chromium Hydroxide Green (Ci 77289), Titanium Dioxide (Ci 77891).",1,1,1,1,1,cold_plunge_pore_mask,olehenriksen,face_mask,olehenriksen_cold_plunge_pore_mask,,,,,,,,,,"Kaolin;Glycerin;Disodium Lauryl Sulfosuccinate;Bentonite;Cetearyl Alcohol;Lactic Acid;Lauramidopropyl Betaine;Sodium C14-16 Olefin Sulfonate;Menthoxypropanediol;Persea Gratissima (Avocado) Oil;Phenoxyethanol;Potassium Hydroxide;Salicylic Acid;Mentha Piperita (Peppermint) Oil;Sodium Chloride;Ethylhexylglycerin;Propanediol;Sodium Phytate;Xanthan Gum;Epilobium Fleischeri Extract;Saussurea Involucrata Extract;Citric Acid;Potassium Sorbate;Macrocystis Pyrifera (Kelp) Extract*;Eucalyptus Globulus Leaf Extract*;Chondrus Crispus (Carrageenan) Extract*;Camellia Sinensis Leaf Extract*;Tocopherol;Chromium Hydroxide Green (Ci 77289);Titanium Dioxide (Ci 77891),",,,,,,,,,,face mask,nan
Face Mask,CAUDALIE,Instant Detox Mask,39,4.4,"Water, Bentonite, Glycerin*, Acacia Senegal Gum*, Xanthan Gum, Benzyl Alcohol, Alcohol*, Sodium Dehydroacetate, Citrus Aurantium Bergamia (Bergamot) Fruit Oil*, Vitis Vinifera (Grape) Fruit Extract*, Lavandula Angustifolia (Lavender) Oil*, Sodium Citrate, Dehydroacetic Acid, Coffea Arabica (Coffee) Seed Extract*, Coffea Robusta Seed Extract*, Citric Acid*, Papain*, Cupressus Sempervirens Oil*, Salvia Sclarea (Clary) Oil*, Commiphora Myrrha Oil*, Santalum Album (Sandalwood) Oil*, Anthemis Nobilis Flower Oil*, Petroselinum Crispum (Parsley) Seed Oil*, Carbomer, 1,2-Hexanediol, Caprylyl Glycol, Sodium Benzoate, Lactic Acid, Potassium Sorbate, Algin, Limonene, Linalool. *Plant Origin.",1,1,1,1,1,instant_detox_mask,caudalie,face_mask,caudalie_instant_detox_mask,,,,,,,,,,"Bentonite;Glycerin*;Acacia Senegal Gum*;Xanthan Gum;Benzyl Alcohol;Alcohol*;Sodium Dehydroacetate;Citrus Aurantium Bergamia (Bergamot) Fruit Oil*;Vitis Vinifera (Grape) Fruit Extract*;Lavandula Angustifolia (Lavender) Oil*;Sodium Citrate;Dehydroacetic Acid;Coffea Arabica (Coffee) Seed Extract*;Coffea Robusta Seed Extract*;Citric Acid*;Papain*;Cupressus Sempervirens Oil*;Salvia Sclarea (Clary) Oil*;Commiphora Myrrha Oil*;Santalum Album (Sandalwood) Oil*;Anthemis Nobilis Flower Oil*;Petroselinum Crispum (Parsley) Seed Oil*;Carbomer;1,2-Hexanediol;Caprylyl Glycol;Sodium Benzoate;Lactic Acid;Potassium Sorbate;Algin;Limonene;Linalool, *Plant Origin,",,,,,,,,,,face mask,nan
Face Mask,FRESH,Crème Ancienne® Ultimate Nourishing Honey Mask,150,4.2,"Mel (Honey), Propylene Glycol Dicaprylate/Dicaprate, Stearalkonium Hectorite, PEG-7 Glyceryl Cocoate, Limnanthes Alba (Meadowfoam) Seed Oil, Jojoba Oil PEG-150 Esters, Pentylene Glycol, Butyrospermum Parkii (Shea Butter), Propylene Carbonate, Echinacea Purpurea Extract, Sucrose Laurate, Hippophae Rhamnoides Oil, Cera Alba (Beeswax), Rosa Damascena Flower Water, Citrus Limon (Lemon) Peel Oil, Osmanthus Fragrans Flower Extract, Anthemis Nobilis Flower Oil, Rosmarinus Officinalis (Rosemary) Leaf Extract, Tocopherol, Water, Caprylic/Capric Triglyceride, Glycerin, Sodium Metabisulfite, Citric Acid, Limonene, Citronellol.",1,1,1,1,1,crème_ancienne_ultimate_nourishing_honey_mask,fresh,face_mask,fresh_crème_ancienne_ultimate_nourishing_honey_mask,,,,,,,,,,"Mel (Honey);Propylene Glycol Dicaprylate/Dicaprate;Stearalkonium Hectorite;PEG-7 Glyceryl Cocoate;Limnanthes Alba (Meadowfoam) Seed Oil;Jojoba Oil PEG-150 Esters;Pentylene Glycol;Butyrospermum Parkii (Shea Butter);Propylene Carbonate;Echinacea Purpurea Extract;Sucrose Laurate;Hippophae Rhamnoides Oil;Cera Alba (Beeswax);Rosa Damascena Flower Water;Citrus Limon (Lemon) Peel Oil;Osmanthus Fragrans Flower Extract;Anthemis Nobilis Flower Oil;Rosmarinus Officinalis (Rosemary) Leaf Extract;Tocopherol;Caprylic/Capric Triglyceride;Glycerin;Sodium Metabisulfite;Citric Acid;Limonene;Citronellol,",,,,,,,,,,face mask,nan
Face Mask,DR. JART+,Water Replenishment Cotton Sheet Mask,7,4.6,"Chamomilla Recutita (Matricaria) Flower Water, Butylene Glycol, 1,2-Hexanediol, Glycerin, PEG-32, Hamamelis Virginiana (Witch Hazel) Extract, Glycereth-26, Sodium Hyaluronate, Hydrolyzed Collagen, Cereus Grandiflorus (Cactus) Flower Extract, Olea Europaea (Olive) Fruit Extract, Panthenol, Polyphosphorylcholine Glycol Acrylate, Arginine, PEG-60 Hydrogenated Castor Oil, Ethylhexylglycerin, Disodium EDTA.",1,1,1,1,1,water_replenishment_cotton_sheet_mask,dr._jart,face_mask,dr._jart_water_replenishment_cotton_sheet_mask,,,,,,,,,,"Chamomilla Recutita (Matricaria) Flower Water;Butylene Glycol;1,2-Hexanediol;Glycerin;PEG-32;Hamamelis Virginiana (Witch Hazel) Extract;Glycereth-26;Sodium Hyaluronate;Hydrolyzed Collagen;Cereus Grandiflorus (Cactus) Flower Extract;Olea Europaea (Olive) Fruit Extract;Panthenol;Polyphosphorylcholine Glycol Acrylate;Arginine;PEG-60 Hydrogenated Castor Oil;Ethylhexylglycerin;Disodium EDTA,",,,,,,,,,,face mask,nan
Face Mask,TATCHA,Luminous Dewy Skin Sheet Mask,12,4.3,"Water, Saccharomyces/Camellia Sinensis Leaf/Cladosiphon Okamuranus/Rice Ferment Filtrate*, Propanediol, Glycerin, Pentaerythrityl Tetraisostearate, Diphenylsiloxy Phenyl Trimethicone, Squalane, Camellia Japonica Seed Oil, Sericin, Oryza Sativa (Rice) Germ Oil, Chondrus Crispus Extract, Glycyrrhiza Glabra (Licorice) Root Extract, Panax Ginseng Root Extract, Royal Jelly Extract, Thymus Serpyllum Extract, Ziziphus Jujuba Fruit Extract, Scutellaria Baicalensis Root Extract, Sodium Hyaluronate, Ammonium Acryloyldimethyltaurate/Carboxyethyl Acrylate Crosspolymer, Polyglyceryl-10 Laurate, Ethylhexylglycerin, Disodium Edta, Fragrance, Alcohol, Phenoxyethanol.* Hadasei-3.",1,1,1,0,1,luminous_dewy_skin_sheet_mask,tatcha,face_mask,tatcha_luminous_dewy_skin_sheet_mask,,,,,,,,,,"Saccharomyces/Camellia Sinensis Leaf/Cladosiphon Okamuranus/Rice Ferment Filtrate*;Propanediol;Glycerin;Pentaerythrityl Tetraisostearate;Diphenylsiloxy Phenyl Trimethicone;Squalane;Camellia Japonica Seed Oil;Sericin;Oryza Sativa (Rice) Germ Oil;Chondrus Crispus Extract;Glycyrrhiza Glabra (Licorice) Root Extract;Panax Ginseng Root Extract;Royal Jelly Extract;Thymus Serpyllum Extract;Ziziphus Jujuba Fruit Extract;Scutellaria Baicalensis Root Extract;Sodium Hyaluronate;Ammonium Acryloyldimethyltaurate/Carboxyethyl Acrylate Crosspolymer;Polyglyceryl-10 Laurate;Ethylhexylglycerin;Disodium Edta;Fragrance;Alcohol;Phenoxyethanol,* Hadasei-3,",,,,,,,,,,face mask,nan
Face Mask,ERNO LASZLO,Hydra-Therapy Skin Vitality Treatment Masks,88,4.3,"-Magnesium Carbonate: Regulates skin's pH levels while maintaining a clear complexion. -Allantoin: A healing and soothing botanical extract, considered to be an excellent anti-irritant that works effectively to soothe irritated and sensitive skin. -Panthenol (Vitamin B5): Works to help maintain skin's natural moisture levels. Step 1: Water, Glyceryl Polymethacrylate, Panthenol, Allantoin, Propylene Glycol, Methylparaben, Benzyl Alcohol. Step 2: Magnesium Carbonate, Algin, Silica, Calcium Sulphate, Pentasodium Triphosphate, Ci 77491 Ci 77492 Ci 77499 (Iron Oxides), Ci 77947 (Zinc Oxide).",1,1,1,1,0,hydra_therapy_skin_vitality_treatment_masks,erno_laszlo,face_mask,erno_laszlo_hydra_therapy_skin_vitality_treatment_masks,,,,,,,,,,"-Magnesium Carbonate: Regulates skin's pH levels while maintaining a clear complexion, -Allantoin: A healing and soothing botanical extract;considered to be an excellent anti-irritant that works effectively to soothe irritated and sensitive skin, -Panthenol (Vitamin B5): Works to help maintain skin's natural moisture levels, Step 1: Water;Glyceryl Polymethacrylate;Panthenol;Allantoin;Propylene Glycol;Methylparaben;Benzyl Alcohol, Step 2: Magnesium Carbonate;Algin;Silica;Calcium Sulphate;Pentasodium Triphosphate;Ci 77491 Ci 77492 Ci 77499 (Iron Oxides);Ci 77947 (Zinc Oxide),",,,,,,,,,,face mask,nan
Face Mask,DR. JART+,Dermask Water Jet Vital Hydra Solution™,6,4.6,"Water, Glycerin, Butylene Glycol, Alcohol, Panthenol, Betaine, Xylitylglucoside, Anhydroxylitol, Xylitol, Hydrolyzed Hyaluronic Acid, Algae Extract, Laminaria Japonica Extract, Chlorphenesin, Hydroxyethylcellulose, Disodium EDTA, Xanthan Gum, PEG-60 Hydrogenated Castor Oil, Glycyrrhiza Glabra (Licorice) Root Extract, Zingiber Officinale (Ginger) Root Extract, Schizandra Chinensis Fruit Extract, Coptis Japonica Root Extract, Camellia Sinensis Leaf Extract, Caprylyl Glycol, 1,2-Hexanediol, Dipotassium Glycyrrhizate, Hydroxyethyl Acrylate/Sodium Acryloyldimethyl Taurate Copolymer, Carbomer, Arginine, Citrus Grandis (Grapefruit) Seed Extract, Acorus Calamus Root Extract, Perilla Ocymoides Leaf Extract, Cyclopentasiloxane, Cyclohexasiloxane, PEG-10 Dimethicone/Vinyl Dimethicone Crosspolymer, Pelargonium Graveolens Flower Oil.",1,1,1,1,1,dermask_water_jet_vital_hydra_solution,dr._jart,face_mask,dr._jart_dermask_water_jet_vital_hydra_solution,,,,,,,,,,"Glycerin;Butylene Glycol;Alcohol;Panthenol;Betaine;Xylitylglucoside;Anhydroxylitol;Xylitol;Hydrolyzed Hyaluronic Acid;Algae Extract;Laminaria Japonica Extract;Chlorphenesin;Hydroxyethylcellulose;Disodium EDTA;Xanthan Gum;PEG-60 Hydrogenated Castor Oil;Glycyrrhiza Glabra (Licorice) Root Extract;Zingiber Officinale (Ginger) Root Extract;Schizandra Chinensis Fruit Extract;Coptis Japonica Root Extract;Camellia Sinensis Leaf Extract;Caprylyl Glycol;1,2-Hexanediol;Dipotassium Glycyrrhizate;Hydroxyethyl Acrylate/Sodium Acryloyldimethyl Taurate Copolymer;Carbomer;Arginine;Citrus Grandis (Grapefruit) Seed Extract;Acorus Calamus Root Extract;Perilla Ocymoides Leaf Extract;Cyclopentasiloxane;Cyclohexasiloxane;PEG-10 Dimethicone/Vinyl Dimethicone Crosspolymer;Pelargonium Graveolens Flower Oil,",,,,,,,,,,face mask,nan
Face Mask,SEPHORA COLLECTION,Face Mask - Avocado,6,4.6,"Water, Butylene Glycol, Glycerin, Peg-40 Hydrogenated Castor Oil, Phenoxyethanol, Aloe Barbadensis Leaf Juice, Triethanolamine, Oryza Sativa (Rice) Extract, Acrylates/C10-30 Alkyl Acrylate Crosspolymer, Tremella Fuciformis (Mushroom) Extract, Piroctone Olamine, Fragrance, Maltodextrin, Polyquaternium-51, Persea Gratissima (Avocado) Oil, Brassica Oleracea Italica (Broccoli) Sprout Extract, Linalool, Peg-30 Dipolyhydroxystearate, Trideceth-6, Limonene, Citric Acid, Potassium Sorbate, Sodium Benzoate.",0,0,0,0,0,face_mask_avocado,sephora_collection,face_mask,sephora_collection_face_mask_avocado,,,,,,,,,,"Butylene Glycol;Glycerin;Peg-40 Hydrogenated Castor Oil;Phenoxyethanol;Aloe Barbadensis Leaf Juice;Triethanolamine;Oryza Sativa (Rice) Extract;Acrylates/C10-30 Alkyl Acrylate Crosspolymer;Tremella Fuciformis (Mushroom) Extract;Piroctone Olamine;Fragrance;Maltodextrin;Polyquaternium-51;Persea Gratissima (Avocado) Oil;Brassica Oleracea Italica (Broccoli) Sprout Extract;Linalool;Peg-30 Dipolyhydroxystearate;Trideceth-6;Limonene;Citric Acid;Potassium Sorbate;Sodium Benzoate,",,,,,,,,,,face mask,nan
Face Mask,LANCÔME,Advanced Génifique Hydrogel Melting Mask,15,4.5,"Water, Glycerin, Bifida Ferment Lysate, Butylene Glycol, Caprylic/Capric Triglyceride, 1,2-Hexanediol, Sucrose, Lactobacillus Ferment, Tocopherol, Sodium Benzoate, Madecassoside, Hydrolyzed Wheat Protein, Sodium Dehydroacetate, Sodium Succinate, Phenoxyethanol, Phenyl Trimethicone, Adenosine, Faex Extract, Yeast Extract, Peg-60 Hydrogenated Castor Oil, Arginine Ethylhexylglycerin, Polyacrylate-13, Allantoin, Polyisobutene, Polysorbate 20, Salicyloyl Phytosphingosine, Limonene, Pentylene Glycol, Linalool, Ceratonia Siliqua Gum, Carob Gum, Carrageenan, Sorbitan Isostearate, Disodium Edta, Potassium Chloride, Citronellol, Potassium Hydroxide, Methionine, Potassium Sorbate, Glycine, Fragrance.",1,1,1,1,1,advanced_génifique_hydrogel_melting_mask,lancôme,face_mask,lancôme_advanced_génifique_hydrogel_melting_mask,,,,,,,,,,"Glycerin;Bifida Ferment Lysate;Butylene Glycol;Caprylic/Capric Triglyceride;1,2-Hexanediol;Sucrose;Lactobacillus Ferment;Tocopherol;Sodium Benzoate;Madecassoside;Hydrolyzed Wheat Protein;Sodium Dehydroacetate;Sodium Succinate;Phenoxyethanol;Phenyl Trimethicone;Adenosine;Faex Extract;Yeast Extract;Peg-60 Hydrogenated Castor Oil;Arginine Ethylhexylglycerin;Polyacrylate-13;Allantoin;Polyisobutene;Polysorbate 20;Salicyloyl Phytosphingosine;Limonene;Pentylene Glycol;Linalool;Ceratonia Siliqua Gum;Carob Gum;Carrageenan;Sorbitan Isostearate;Disodium Edta;Potassium Chloride;Citronellol;Potassium Hydroxide;Methionine;Potassium Sorbate;Glycine;Fragrance,",,,,,,,,,,face mask,nan
Face Mask,PHILOSOPHY,Purity Made Simple Pore Extractor Mask,35,4.5,"Water, Kaolin, Solum Diatomeae/Diatomaceous Earth/Terre De Distomees, Propanediol, Bentonite, Decyl Glucoside, Alchol Denat., Lauryl Glucoside, Propylene Glycol, Polysilicone-11, Pvp, Xanthan Gum, Sailicylic Acid, Sodium Pca, Sodium Citrate, Citric Acid, Fragrance, Chlorphenesin, Linalool, Disodium Edta, Limonene, Laureth-12, Phenoxyethanol, Geraniol, Vanillyl Butyl Ether, Ethylhexylglycerin, Titanium Dioxide (Ci 77891).",1,1,1,1,1,purity_made_simple_pore_extractor_mask,philosophy,face_mask,philosophy_purity_made_simple_pore_extractor_mask,,,,,,,,,,"Kaolin;Solum Diatomeae/Diatomaceous Earth/Terre De Distomees;Propanediol;Bentonite;Decyl Glucoside;Alchol Denat,;Lauryl Glucoside;Propylene Glycol;Polysilicone-11;Pvp;Xanthan Gum;Sailicylic Acid;Sodium Pca;Sodium Citrate;Citric Acid;Fragrance;Chlorphenesin;Linalool;Disodium Edta;Limonene;Laureth-12;Phenoxyethanol;Geraniol;Vanillyl Butyl Ether;Ethylhexylglycerin;Titanium Dioxide (Ci 77891),",,,,,,,,,,face mask,nan
Face Mask,TOO COOL FOR SCHOOL,Egg Cream Mask Hydration,24,4.3,"Water, Butylene Glycol, Glycerin, PEG-32, Cyclopentasiloxane, Cyclohexasiloxane, Niacinamide, Glycereth-26, Caprylic/Capric Triglyceride, Dimethicone, Sodium Hyaluronate, Glyceryl Stearate, PEG-100 Stearate, Polysorbate 60, Cetearyl Alcohol, Acrylates/C10-30 Alkyl Acrylate Crosspolymer, Arginine, Cocos Nucifera (Coconut) Water, Albumen Extract, Egg Yolk Extract/Extrait de jaune d'oeuf, Myrciaria Dubia Fruit Extract, Hydroxyethyl Acrylate/Sodium Acryloyldimethyl Taurate Copolymer, Xanthan Gum, Dextrin, 1,2-Hexanediol, Phenoxyethanol, Panthenol, Sodium Polyacrylate, Ethylhexylglycerin, Hydrogenated Lecithin, Linoleic Acid, Ceramide NP, Camellia Japonica Seed Oil, Disodium EDTA, Fragrance.",1,1,1,0,1,egg_cream_mask_hydration,too_cool_for_school,face_mask,too_cool_for_school_egg_cream_mask_hydration,,,,,,,,,,"Butylene Glycol;Glycerin;PEG-32;Cyclopentasiloxane;Cyclohexasiloxane;Niacinamide;Glycereth-26;Caprylic/Capric Triglyceride;Dimethicone;Sodium Hyaluronate;Glyceryl Stearate;PEG-100 Stearate;Polysorbate 60;Cetearyl Alcohol;Acrylates/C10-30 Alkyl Acrylate Crosspolymer;Arginine;Cocos Nucifera (Coconut) Water;Albumen Extract;Egg Yolk Extract/Extrait de jaune d'oeuf;Myrciaria Dubia Fruit Extract;Hydroxyethyl Acrylate/Sodium Acryloyldimethyl Taurate Copolymer;Xanthan Gum;Dextrin;1,2-Hexanediol;Phenoxyethanol;Panthenol;Sodium Polyacrylate;Ethylhexylglycerin;Hydrogenated Lecithin;Linoleic Acid;Ceramide NP;Camellia Japonica Seed Oil;Disodium EDTA;Fragrance,",,,,,,,,,,face mask,nan
Face Mask,FARMACY,Coconut Gel Sheet Mask - Hydrating,6,4.5,"Water, Glycerin, Propanediol, Methylpropanediol, 1,2-Hexanediol, Polyglycerin-3, Cocos Nucifera (Coconut) Water, Echinacea Purpurea Root Extract, Sodium Hyaluronate, Cucumis Sativus (Cucumber) Fruit Extract, Collagen, Panthenol, Allantoin, Tocopherol, Betaine, Beta-Glucan, Saccharide Isomerate, Citrus Aurantifolia (Lime) Oil, Citrus Aurantium Bergamia, (Bergamot) Fruit Oil, Citrus Aurantium Dulcis (Orange) Peel Oil, Myrciaria Dubia Fruit Extract, Artemisia Vulgaris Extract, Cananga Odorata Flower Oil, Salvia Officinalis (Sage) Leaf Extract, Zingiber Officinale (Ginger) Root Oil, Cetearyl Olivate, Butylene Glycol, Sorbitan Olivate, Trehalose, Polyglyceryl-10 Laurate, Diethoxyethyl Succinate, Ammonium, Acryloyldimethyltaurate/Vp Copolymer, Carbomer, Arginine, Caprylyl Glycol, Ethylhexylglycerin, Xanthan Gum, Trisodium Ethylenediamine Disuccinate, Caprylic/Capric Triglyceride, Leuconostoc/Radish Root Ferment Filtrate, T-Butyl Alcohol, Citric Acid, Sodium Citrate.",1,1,1,1,1,coconut_gel_sheet_mask_hydrating,farmacy,face_mask,farmacy_coconut_gel_sheet_mask_hydrating,,,,,,,,,,"Glycerin;Propanediol;Methylpropanediol;1,2-Hexanediol;Polyglycerin-3;Cocos Nucifera (Coconut) Water;Echinacea Purpurea Root Extract;Sodium Hyaluronate;Cucumis Sativus (Cucumber) Fruit Extract;Collagen;Panthenol;Allantoin;Tocopherol;Betaine;Beta-Glucan;Saccharide Isomerate;Citrus Aurantifolia (Lime) Oil;Citrus Aurantium Bergamia;(Bergamot) Fruit Oil;Citrus Aurantium Dulcis (Orange) Peel Oil;Myrciaria Dubia Fruit Extract;Artemisia Vulgaris Extract;Cananga Odorata Flower Oil;Salvia Officinalis (Sage) Leaf Extract;Zingiber Officinale (Ginger) Root Oil;Cetearyl Olivate;Butylene Glycol;Sorbitan Olivate;Trehalose;Polyglyceryl-10 Laurate;Diethoxyethyl Succinate;Ammonium;Acryloyldimethyltaurate/Vp Copolymer;Carbomer;Arginine;Caprylyl Glycol;Ethylhexylglycerin;Xanthan Gum;Trisodium Ethylenediamine Disuccinate;Caprylic/Capric Triglyceride;Leuconostoc/Radish Root Ferment Filtrate;T-Butyl Alcohol;Citric Acid;Sodium Citrate,",,,,,,,,,,face mask,nan
Face Mask,SEPHORA COLLECTION,Clay Mask,8,4.3,"Water, Kaolin, Talc, Steareth-2, Shea Butter, Fuller's Earth, Hydrogenated Polyisobutene, Butylene Glycol, Stearic Acid, CI 77891 (Titanium Dioxide), Glycerin, Cetearyl Alcohol, Steareth-21, Ethylhexyl Stearate, Luffa Cylindrica Fruit Powder, Phenoxyethanol, PPG-15 Stearyl Ether, Benzophenone-4, Xanthan Gum, Disodium EDTA, Enantia Chlorantha Bark Extract, Fragrance, Ethylhexylglycerin, Benzyl Salicylate, Camellia Sinensis Leaf Extract, Citric Acid, CI 77492 (Iron Oxides), Sodium Benzoate, Potassium Sorbate, Oleanolic Acid, Denatonium Benzoate, CI 42090 (Blue 1), BHT, CI 19140 (Yellow 5), Tocopherol.",1,1,1,1,1,clay_mask,sephora_collection,face_mask,sephora_collection_clay_mask,,,,,,,,,,"Kaolin;Talc;Steareth-2;Shea Butter;Fuller's Earth;Hydrogenated Polyisobutene;Butylene Glycol;Stearic Acid;CI 77891 (Titanium Dioxide);Glycerin;Cetearyl Alcohol;Steareth-21;Ethylhexyl Stearate;Luffa Cylindrica Fruit Powder;Phenoxyethanol;PPG-15 Stearyl Ether;Benzophenone-4;Xanthan Gum;Disodium EDTA;Enantia Chlorantha Bark Extract;Fragrance;Ethylhexylglycerin;Benzyl Salicylate;Camellia Sinensis Leaf Extract;Citric Acid;CI 77492 (Iron Oxides);Sodium Benzoate;Potassium Sorbate;Oleanolic Acid;Denatonium Benzoate;CI 42090 (Blue 1);BHT;CI 19140 (Yellow 5);Tocopherol,",,,,,,,,,,face mask,nan
Face Mask,ESTÉE LAUDER,Nutritious Vitality8™ Night Creme/Mask,72,4.4,"Nutritious Intensified Night Cream Division: El (Estee Lauder)Ingredients: Water , Dimethicone , Isohexadecane , Glycerin , Bis-Peg-18 Methyl Ether Dimethyl Silane , Butylene Glycol , Peg-10 Dimethicone , Propanediol , Petrolatum , Disteardimonium Hectorite , Cucumis Sativus (Cucumber) Fruit Extract , Punica Granatum (Pomegranate) Extract , Citrus Reticulata (Tangerine) Peel Extract , Lycium Chinense (Wolfberry) Fruit Extract , Vaccinium Macrocarpon (Cranberry) Fruit Extract , Vaccinium Angustifolium (Blueberry) Fruit Extract , Sapindus Mukurossi Fruit Extract , Hordeum Vulgare (Barley) Extract/Extrait D'Orge , Garcinia Mangostana Peel Extract , Coffea Arabica (Coffee) Seed Extract , Cladosiphon Okamuranus Extract , Ergothioneine , Caffeine , Yeast Extract/Faex/Extrait De Levure , Sodium Hyaluronate , Propylene Glycol Dicaprate , Trehalose , Acetyl Glucosamine , Helianthus Annuus (Sunflower) Seedcake , Sorbitol , Polysilicone-11 , Caprylyl Glycol , Propylene Carbonate , Isododecane , Polyethylene , Citric Acid , Peg-32 , Peg-6 , Tocopheryl Acetate , Dextrin , Hexylene Glycol , Tetrahexyldecyl Ascorbate , Sodium Citrate , Caesalpinia Spinosa Gum , Fragrance , Disodium Edta , Bht , Phenoxyethanol , Iron Oxides (Ci 77491, Ci 77492, Ci 77499)",0,0,0,0,0,nutritious_vitality8_night_creme_mask,estée_lauder,face_mask,estée_lauder_nutritious_vitality8_night_creme_mask,,,,,,,,,,Nutritious Intensified Night Cream Division: El (Estee Lauder)Ingredients: Water;Dimethicone;Isohexadecane;Glycerin;Bis-Peg-18 Methyl Ether Dimethyl Silane;Butylene Glycol;Peg-10 Dimethicone;Propanediol;Petrolatum;Disteardimonium Hectorite;Cucumis Sativus (Cucumber) Fruit Extract;Punica Granatum (Pomegranate) Extract;Citrus Reticulata (Tangerine) Peel Extract;Lycium Chinense (Wolfberry) Fruit Extract;Vaccinium Macrocarpon (Cranberry) Fruit Extract;Vaccinium Angustifolium (Blueberry) Fruit Extract;Sapindus Mukurossi Fruit Extract;Hordeum Vulgare (Barley) Extract/Extrait D'Orge;Garcinia Mangostana Peel Extract;Coffea Arabica (Coffee) Seed Extract;Cladosiphon Okamuranus Extract;Ergothioneine;Caffeine;Yeast Extract/Faex/Extrait De Levure;Sodium Hyaluronate;Propylene Glycol Dicaprate;Trehalose;Acetyl Glucosamine;Helianthus Annuus (Sunflower) Seedcake;Sorbitol;Polysilicone-11;Caprylyl Glycol;Propylene Carbonate;Isododecane;Polyethylene;Citric Acid;Peg-32;Peg-6;Tocopheryl Acetate;Dextrin;Hexylene Glycol;Tetrahexyldecyl Ascorbate;Sodium Citrate;Caesalpinia Spinosa Gum;Fragrance;Disodium Edta;Bht;Phenoxyethanol;Iron Oxides (Ci 77491;Ci 77492;Ci 77499),,,,,,,,,,face mask,nan
Face Mask,SEPHORA COLLECTION,Face Mask - Green Tea - Mattifying,6,4.3,"Water, Butylene Glycol, Glycerin, Betaine, 1,2-Hexanediol, Hydroxyacetophenone, Xanthan Gum, Lecithin, Salix Alba (Willow) Bark Extract, Kaolin, Parfum (Fragrance), Phenoxyethanol, Hydrolyzed Rice Bran Extract, Bakuchiol, Magnolia Officinalis Flower Extract, Camellia Sinensis Leaf Extract, Citric Acid, Sodium Benzoate, Limonene, Linalool, Potassium Sorbate, Quartz.",0,0,0,0,0,face_mask_green_tea_mattifying,sephora_collection,face_mask,sephora_collection_face_mask_green_tea_mattifying,,,,,,,,,,"Butylene Glycol;Glycerin;Betaine;1,2-Hexanediol;Hydroxyacetophenone;Xanthan Gum;Lecithin;Salix Alba (Willow) Bark Extract;Kaolin;Parfum (Fragrance);Phenoxyethanol;Hydrolyzed Rice Bran Extract;Bakuchiol;Magnolia Officinalis Flower Extract;Camellia Sinensis Leaf Extract;Citric Acid;Sodium Benzoate;Limonene;Linalool;Potassium Sorbate;Quartz,",,,,,,,,,,face mask,nan
Face Mask,SEPHORA COLLECTION,Mud Mask Purifying & Mattifying,20,4.5,"Kaolin, Water, Glycerin, Citrus Aurantium Dulcis (Orange) Peel Powder, Capryloyl Glycine, Magnesium Aluminum Silicate, Glyceryl Undecylenate, CI 77499 (Iron Oxides), Phenoxyethanol, Hydrogenated Palm Kernel Glycerides, Fragrance, Sodium Hydroxide, Hydrogenated Palm Glycerides, Magnesium Aspartate, Zinc Gluconate, Copper Gluconate.",0,0,0,0,0,mud_mask_purifying_mattifying,sephora_collection,face_mask,sephora_collection_mud_mask_purifying_mattifying,,,,,,,,,,"Kaolin;Glycerin;Citrus Aurantium Dulcis (Orange) Peel Powder;Capryloyl Glycine;Magnesium Aluminum Silicate;Glyceryl Undecylenate;CI 77499 (Iron Oxides);Phenoxyethanol;Hydrogenated Palm Kernel Glycerides;Fragrance;Sodium Hydroxide;Hydrogenated Palm Glycerides;Magnesium Aspartate;Zinc Gluconate;Copper Gluconate,",,,,,,,,,,face mask,nan
Face Mask,SHISEIDO,Benefiance Pure Retinol Intensive Revitalizing Face Mask,65,4.4,Visit the Shiseido boutique,0,0,0,0,0,benefiance_pure_retinol_intensive_revitalizing_face_mask,shiseido,face_mask,shiseido_benefiance_pure_retinol_intensive_revitalizing_face_mask,,,,,,,,,,Visit the Shiseido boutique,,,,,,,,,,face mask,nan
Face Mask,FIRST AID BEAUTY,Ultra Repair Instant Oatmeal Mask,24,4.4,"Water, Colloidal Oatmeal, Glyceryl Stearate Citrate, Cetyl Alcohol, Glyceryl Stearate Se, Caprylic/Capric/Myristic/Stearic Triglyceride, Butylene Glycol Dicaprylate/Dicaprate, Butyrospermum Parkii Butter, Octyldodecanol, Glycerin, Lactobacillus Ferment, Polysorbate 20, Cetearyl Alcohol, Decyl Glucoside, Theobroma Cacao Seed Butter, Polysorbate 60, Prunus Armeniaca Kernel Oil, Xanthan Gum, Tetrasodium Edta, Dimethicone, Bisabolol, Camellia Sinensis Leaf Extract, Chrysanthemum Parthenium Extract, Glycyrrhiza Glabra Root Extract, Hippophae Rhamnoides Extract, Vanilla Planifolia Fruit Extract, Vanillin, Avena Sativa Kernel Extract, Zingiber, Officinale Root Extract, Phenoxyethanol, Potassium Sorbate.",1,1,1,1,1,ultra_repair_instant_oatmeal_mask,first_aid_beauty,face_mask,first_aid_beauty_ultra_repair_instant_oatmeal_mask,,,,,,,,,,"Colloidal Oatmeal;Glyceryl Stearate Citrate;Cetyl Alcohol;Glyceryl Stearate Se;Caprylic/Capric/Myristic/Stearic Triglyceride;Butylene Glycol Dicaprylate/Dicaprate;Butyrospermum Parkii Butter;Octyldodecanol;Glycerin;Lactobacillus Ferment;Polysorbate 20;Cetearyl Alcohol;Decyl Glucoside;Theobroma Cacao Seed Butter;Polysorbate 60;Prunus Armeniaca Kernel Oil;Xanthan Gum;Tetrasodium Edta;Dimethicone;Bisabolol;Camellia Sinensis Leaf Extract;Chrysanthemum Parthenium Extract;Glycyrrhiza Glabra Root Extract;Hippophae Rhamnoides Extract;Vanilla Planifolia Fruit Extract;Vanillin;Avena Sativa Kernel Extract;Zingiber;Officinale Root Extract;Phenoxyethanol;Potassium Sorbate,",,,,,,,,,,face mask,nan
Face Mask,REN CLEAN SKINCARE,Evercalm™ Ultra Comforting Rescue Mask,38,4.5,*100% Natural Fragrance,0,0,0,0,1,evercalm_ultra_comforting_rescue_mask,ren_clean_skincare,face_mask,ren_clean_skincare_evercalm_ultra_comforting_rescue_mask,,,,,,,,,,*100% Natural Fragrance,,,,,,,,,,face mask,nan
Face Mask,GLOW RECIPE,Watermelon Glow Jelly Sheet Mask,8,3.6,"Citrullus Lanatus (Watermelon) Fruit Extract, Citrullus Lanatus (Watermelon) Fruit, Soy Amino Acids, Fructooligosaccharides, Centella Asiatica Extract, Glycine Soja (Soybean) Sterols, Hyaluronic Acid, Natto Gum, Ceratonia Siliqua (Carob) Gum, Glycerin, Cyamopsis Tetragonoloba (Guar) Gum, Xanthan Gum, Scutellaria Baicalensis Root Extract, Paeonia Suffruticosa (Peony) Root Extract, Glycyrrhiza Glabra (Licorice) Root Extract, Beta-Glucan, (-)-Alpha-Bisabolol, Brassica Oleracea Capitata (Cabbage) Leaf Extract, Ipomoea Batatas (Sweet Potato) Root Extract, Fragrance.",1,1,1,1,0,watermelon_glow_jelly_sheet_mask,glow_recipe,face_mask,glow_recipe_watermelon_glow_jelly_sheet_mask,,,,,,,,,,"Citrullus Lanatus (Watermelon) Fruit Extract;Citrullus Lanatus (Watermelon) Fruit;Soy Amino Acids;Fructooligosaccharides;Centella Asiatica Extract;Glycine Soja (Soybean) Sterols;Hyaluronic Acid;Natto Gum;Ceratonia Siliqua (Carob) Gum;Glycerin;Cyamopsis Tetragonoloba (Guar) Gum;Xanthan Gum;Scutellaria Baicalensis Root Extract;Paeonia Suffruticosa (Peony) Root Extract;Glycyrrhiza Glabra (Licorice) Root Extract;Beta-Glucan;(-)-Alpha-Bisabolol;Brassica Oleracea Capitata (Cabbage) Leaf Extract;Ipomoea Batatas (Sweet Potato) Root Extract;Fragrance,",,,,,,,,,,face mask,nan
Face Mask,SEPHORA COLLECTION,Crazy for Clay!,18,4.0,"Grey Clay Mask: Water, Kaolin, Talc, Butyrospermum Parkii Butter (Butyrospermum Parkii (Shea Butter)), Steareth-2, Hydrogenated Polyisobutene, CI 77891 (Titanium Dioxide), Stearic Acid, Cetearyl Alcohol, Glycerin, Steareth-21, Butylene Glycol, Ethylhexyl Stearate, Phenoxyethanol, PPG-15 Stearyl Ether, Disodium EDTA, Xanthan Gum, Parfum (Fragrance), Ethylhexylglycerin, Pelargonium Graveolens Flower Water, Benzyl Salicylate, Rosa Canina Fruit Extract, Denatonium Benzoate, Benzyl Alcohol, BHT, Tocopherol, Dehydroacetic Acid. Pink Clay Mask: Water, Kaolin, Glycerin, CI 77891 (Titanium Dioxide), Caprylic/Capric Triglyceride, Steareth-2, Hydrogenated Polyisobutene, Propanediol, Stearic Acid, Butyrospermum Parkii Butter (Butyrospermum Parkii (Shea Butter)), Cetearyl Alcohol, Steareth-21, Phenoxyethanol, PPG-15 Stearyl Ether, Evodia Rutaecarpa Fruit Extract, Disodium EDTA, PVP, Xanthan Gum, Parfum (Fragrance), Hydroxyacetophenone, Ethylhexylglycerin, Benzyl Salicylate, Carbomer, Sodium Hydroxide, Litchi Chinensis Fruit Extract, Denatonium Benzoate, BHT, Tocopherol. Green Clay Mask: Water, Kaolin, Talc, Butyrospermum Parkii Butter (Butyrospermum Parkii (Shea Butter)), Steareth-2, Hydrogenated Polyisobutene, Solum Fullonum (Fuller'S Earth), Butylene Glycol, CI 77891 (Titanium Dioxide), Stearic Acid, Glycerin, Cetearyl Alcohol, Steareth-21, Ethylhexyl Stearate, Luffa Cylindrica Fruit Powder, Phenoxyethanol, PPG-15 Stearyl Ether, Benzophenone-4, Disodium EDTA, Xanthan Gum, Enantia Chlorantha Bark Extract, Parfum (Fragrance), Ethylhexylglycerin, Benzyl Salicylate, Camellia Sinensis Leaf Extract, Citric Acid, CI 77492 (Iron Oxides), Sodium Benzoate, Potassium Sorbate, Oleanolic Acid, Denatonium Benzoate, CI 42090 (Blue 1, Blue 4, Blue 1 Lake), BHT, CI 19140 (Yellow 5, Yellow 5 Lake), Tocopherol.",1,1,1,1,1,crazy_for_clay!,sephora_collection,face_mask,sephora_collection_crazy_for_clay!,,,,,,,,,,"Grey Clay Mask: Water;Kaolin;Talc;Butyrospermum Parkii Butter (Butyrospermum Parkii (Shea Butter));Steareth-2;Hydrogenated Polyisobutene;CI 77891 (Titanium Dioxide);Stearic Acid;Cetearyl Alcohol;Glycerin;Steareth-21;Butylene Glycol;Ethylhexyl Stearate;Phenoxyethanol;PPG-15 Stearyl Ether;Disodium EDTA;Xanthan Gum;Parfum (Fragrance);Ethylhexylglycerin;Pelargonium Graveolens Flower Water;Benzyl Salicylate;Rosa Canina Fruit Extract;Denatonium Benzoate;Benzyl Alcohol;BHT;Tocopherol;Dehydroacetic Acid, Pink Clay Mask: Water;Kaolin;Glycerin;CI 77891 (Titanium Dioxide);Caprylic/Capric Triglyceride;Steareth-2;Hydrogenated Polyisobutene;Propanediol;Stearic Acid;Butyrospermum Parkii Butter (Butyrospermum Parkii (Shea Butter));Cetearyl Alcohol;Steareth-21;Phenoxyethanol;PPG-15 Stearyl Ether;Evodia Rutaecarpa Fruit Extract;Disodium EDTA;PVP;Xanthan Gum;Parfum (Fragrance);Hydroxyacetophenone;Ethylhexylglycerin;Benzyl Salicylate;Carbomer;Sodium Hydroxide;Litchi Chinensis Fruit Extract;Denatonium Benzoate;BHT;Tocopherol, Green Clay Mask: Water;Kaolin;Talc;Butyrospermum Parkii Butter (Butyrospermum Parkii (Shea Butter));Steareth-2;Hydrogenated Polyisobutene;Solum Fullonum (Fuller'S Earth);Butylene Glycol;CI 77891 (Titanium Dioxide);Stearic Acid;Glycerin;Cetearyl Alcohol;Steareth-21;Ethylhexyl Stearate;Luffa Cylindrica Fruit Powder;Phenoxyethanol;PPG-15 Stearyl Ether;Benzophenone-4;Disodium EDTA;Xanthan Gum;Enantia Chlorantha Bark Extract;Parfum (Fragrance);Ethylhexylglycerin;Benzyl Salicylate;Camellia Sinensis Leaf Extract;Citric Acid;CI 77492 (Iron Oxides);Sodium Benzoate;Potassium Sorbate;Oleanolic Acid;Denatonium Benzoate;CI 42090 (Blue 1;Blue 4;Blue 1 Lake);BHT;CI 19140 (Yellow 5;Yellow 5 Lake);Tocopherol,",,,,,,,,,,face mask,nan
Face Mask,TATCHA,Luminous Deep Hydration Lifting Mask,95,4.5,"Water, Glycerin, Propanediol, Methyl Gluceth-¬‐20, Alcohol,Camellia Sinensis (Green Tea) Leaf Extract, Inositol (Rice Extract), Algae Extract, Sericin (Silk Extract), Panax Ginseng Root Extract, Royal Jelly Extract, Chondrus Crispus (Red Algae) Extract,Thymus Serpillum (Thyme) Extract, Ppg-¬‐6-¬‐ Decyltetradeceth-¬‐ 20,Ethylhexylglycerin, Polyglyceryl-¬‐ 10eicosanedioate/Tetradecanedioate, Polyglyceryl-¬‐10 Isostearate, Xanthan Gum, Sodium Hyaluronate, Fragrance (Natural), Phenoxyethanol.",1,1,1,1,1,luminous_deep_hydration_lifting_mask,tatcha,face_mask,tatcha_luminous_deep_hydration_lifting_mask,,,,,,,,,,"Glycerin;Propanediol;Methyl Gluceth-¬‐20;Alcohol;Camellia Sinensis (Green Tea) Leaf Extract;Inositol (Rice Extract);Algae Extract;Sericin (Silk Extract);Panax Ginseng Root Extract;Royal Jelly Extract;Chondrus Crispus (Red Algae) Extract;Thymus Serpillum (Thyme) Extract;Ppg-¬‐6-¬‐ Decyltetradeceth-¬‐ 20;Ethylhexylglycerin;Polyglyceryl-¬‐ 10eicosanedioate/Tetradecanedioate;Polyglyceryl-¬‐10 Isostearate;Xanthan Gum;Sodium Hyaluronate;Fragrance (Natural);Phenoxyethanol,",,,,,,,,,,face mask,nan
Face Mask,GLAMGLOW,GLAMGLOW x MY LITTLE PONY® #GLITTERMASK GRAVITYMUD™ Firming Treatment,59,3.9,"-TEAOXI® Complex (Licorice and Marshmallow Leaf): Creates a firmer-looking complexion. -Vizitight (Firming Matrix, Marine Algae Plasma, and Biodefine Polymers): Delivers tighter-looking skin. -Lunarlift: Tones and tightens the appearance of skin with soy isoflavone liposome red algae extract. -Cosmiplexion (Icelandic Kelp, Hyaluronic Acid, and Glacial Clay): Supports a youthful appearance. Please be aware that ingredient lists may change or vary from time to time. Please refer to the ingredient list on the product package you receive for the most up-to-date list of ingredients.",1,1,1,1,0,glamglow_x_my_little_pony_#glittermask_gravitymud_firming_treatment,glamglow,face_mask,glamglow_glamglow_x_my_little_pony_#glittermask_gravitymud_firming_treatment,,,,,,,,,,"-TEAOXI® Complex (Licorice and Marshmallow Leaf): Creates a firmer-looking complexion, -Vizitight (Firming Matrix;Marine Algae Plasma;and Biodefine Polymers): Delivers tighter-looking skin, -Lunarlift: Tones and tightens the appearance of skin with soy isoflavone liposome red algae extract, -Cosmiplexion (Icelandic Kelp;Hyaluronic Acid;and Glacial Clay): Supports a youthful appearance, Please be aware that ingredient lists may change or vary from time to time, Please refer to the ingredient list on the product package you receive for the most up-to-date list of ingredients,",,,,,,,,,,face mask,nan
Face Mask,DR. JART+,Shake & Shot™ Rubber Masks,12,4.1,"-Vitamin C (Ascorbic Acid): Brightens the look of skin tone and texture. -Sea Buckthorn Fruit Extract: Is rich in vitamins to help provide an antioxidant effect and brighten skin tone. -Grapefruit Extract: Smooths, energizes, and revitalizes dull and dark skin. STEP 01 Super Booster: Cetyl Ethylhexanoate, PEG-8 Glyceryl Isostearate, Phenoxyethanol, Ethylhexylglycerin, Citrus Aurantium Bergamia (Bergamot) Fruit Oil, Trihydroxystearin, Silica Dimethyl Silylate, Algin, Tetrapotassium Pyrophosphate, Calcium Sulfate. STEP 02 Brightening Liquid Ampoule: Water, Niacinamide, Niacinamide, Calcium Pantothenate, Sodium Ascorbyl Phosphate, Tocopheryl Acetate, Pyridoxine HCl, Sodium Starch Octenylsuccinate, Maltodextrin, Silica, Water, Hippophae Rhamnoides Fruit Extract, Glycerin, Butylene Glycol, Phenoxyethanol, Citrus Paradisi (Grapefruit), Fruit Extract, 1,2-Hexanediol, Butylene Glycol, Water, PVP, Fullerenes, Dipropylene Glycol, PEG-60 Hydrogenated Castor Oil, Phenoxyethanol, Ethylhexylglycerin, Citrus Aurantium Bergamia (Bergamot) Fruit Oil, Butylene Glycol, Coptis Japonica Extract, Cyanocobalamin.",1,1,1,1,1,shake_shot_rubber_masks,dr._jart,face_mask,dr._jart_shake_shot_rubber_masks,,,,,,,,,,"-Vitamin C (Ascorbic Acid): Brightens the look of skin tone and texture, -Sea Buckthorn Fruit Extract: Is rich in vitamins to help provide an antioxidant effect and brighten skin tone, -Grapefruit Extract: Smooths;energizes;and revitalizes dull and dark skin, STEP 01 Super Booster: Cetyl Ethylhexanoate;PEG-8 Glyceryl Isostearate;Phenoxyethanol;Ethylhexylglycerin;Citrus Aurantium Bergamia (Bergamot) Fruit Oil;Trihydroxystearin;Silica Dimethyl Silylate;Algin;Tetrapotassium Pyrophosphate;Calcium Sulfate, STEP 02 Brightening Liquid Ampoule: Water;Niacinamide;Niacinamide;Calcium Pantothenate;Sodium Ascorbyl Phosphate;Tocopheryl Acetate;Pyridoxine HCl;Sodium Starch Octenylsuccinate;Maltodextrin;Silica;Hippophae Rhamnoides Fruit Extract;Glycerin;Butylene Glycol;Phenoxyethanol;Citrus Paradisi (Grapefruit);Fruit Extract;1,2-Hexanediol;Butylene Glycol;PVP;Fullerenes;Dipropylene Glycol;PEG-60 Hydrogenated Castor Oil;Phenoxyethanol;Ethylhexylglycerin;Citrus Aurantium Bergamia (Bergamot) Fruit Oil;Butylene Glycol;Coptis Japonica Extract;Cyanocobalamin,",,,,,,,,,,face mask,nan
Face Mask,SEPHORA COLLECTION,Face Mask - Rose - Moisturizing,6,4.5,"Water, Butylene Glycol, Glycerin, Betain, 1,2-Hexanediol, Hydroxyacetophenone, Saccharide Isomerate, Xanthan Gum, 3-O-Ethyl Ascorbic Acid, Glycosyl Trehalose, Parfum (Fragrance), Phosphatidylcholine, Phenoxyethanol, Rosa Gallica Flower Extract, Polysorbate 80, Citric Acid, Sodium Citrate, Ascorbyl Palmitate, Potassium Sorbate, Rosa Damascena Flower Extract, Prunus Persica (Peach) Flower Extract, Tocopheryl Acetate, Sodium Benzoate, Sorbic Acid, Rosa Damascena Flower Oil.",0,0,0,0,0,face_mask_rose_moisturizing,sephora_collection,face_mask,sephora_collection_face_mask_rose_moisturizing,,,,,,,,,,"Butylene Glycol;Glycerin;Betain;1,2-Hexanediol;Hydroxyacetophenone;Saccharide Isomerate;Xanthan Gum;3-O-Ethyl Ascorbic Acid;Glycosyl Trehalose;Parfum (Fragrance);Phosphatidylcholine;Phenoxyethanol;Rosa Gallica Flower Extract;Polysorbate 80;Citric Acid;Sodium Citrate;Ascorbyl Palmitate;Potassium Sorbate;Rosa Damascena Flower Extract;Prunus Persica (Peach) Flower Extract;Tocopheryl Acetate;Sodium Benzoate;Sorbic Acid;Rosa Damascena Flower Oil,",,,,,,,,,,face mask,nan
Face Mask,LANEIGE,Time Freeze Sleeping Mask,39,4.3,"Water, Propanediol, Avena Sativa (Oat) Kernel Extract, Glycerin, Cyclopentasiloxane, Dimethicone, Squalane, Cyclohexasiloxane, Ceratonia Siliqua (Carob) Fruit Extract, Hibiscus Abelmoschus Seed Extract, Tillandsia Usneoides Extract, Adenosine, Hydrogenated Lecithin, C12-16 Alcohols, Glyceryl Caprylate, Dextrin, Dimethicone, Vinyl Dimethicone Crosspolymer, Dipalmitoyl Hydroxyproline, Butylene Glycol, Cetearyl Glucoside, Cetearyl Alcohol, Ethylhexylglycerin, Xanthan Gum, Theobroma Cacao (Cocoa) Extract, Palmitic Acid, Polysorbate 20, PVP, PEG-240, HDI Copolymer Bis-Decyltetradeceth-20 Ether, Hydroxyethyl Acrylate, Sodium Acryloyldimethyl Taurate Copolymer, Disodium EDTA, Phenoxyethanol, Fragrance.",1,1,1,1,1,time_freeze_sleeping_mask,laneige,face_mask,laneige_time_freeze_sleeping_mask,0.0,53.0,12149.0,4.3585,2.0,Moisturizers,19.5,8.22,0.44,"Propanediol;Avena Sativa (Oat) Kernel Extract;Glycerin;Cyclopentasiloxane;Dimethicone;Squalane;Cyclohexasiloxane;Ceratonia Siliqua (Carob) Fruit Extract;Hibiscus Abelmoschus Seed Extract;Tillandsia Usneoides Extract;Adenosine;Hydrogenated Lecithin;C12-16 Alcohols;Glyceryl Caprylate;Dextrin;Dimethicone;Vinyl Dimethicone Crosspolymer;Dipalmitoyl Hydroxyproline;Butylene Glycol;Cetearyl Glucoside;Cetearyl Alcohol;Ethylhexylglycerin;Xanthan Gum;Theobroma Cacao (Cocoa) Extract;Palmitic Acid;Polysorbate 20;PVP;PEG-240;HDI Copolymer Bis-Decyltetradeceth-20 Ether;Hydroxyethyl Acrylate;Sodium Acryloyldimethyl Taurate Copolymer;Disodium EDTA;Phenoxyethanol;Fragrance,",0.0,53.0,12149.0,4.3585,2.0,Moisturizers,19.5,8.22,0.44,face mask,Medium (7k - 13k)
Face Mask,SEPHORA COLLECTION,SUPERMASK - The Golden Mask,6,2.6,"Water, Butylene Glycol, Glycerin, Betaine, Caulerpa Lentillifera Extract, 1,2-Hexanediol, Hydroxyacetophenone, PEG-40 Hydrogenated Castor Oil, Fragrance, Xanthan Gum, Sodium Carbomer, Sodium Hyaluronate, Citrus Reticulata (Tangerine) Peel Extract, Phenoxyethanol, Honey Extract, Aphanothece Sacrum Polysaccharide, Sclerotium Gum, Potassium Sorbate, Sorbic Acid.",1,1,1,1,0,supermask_the_golden_mask,sephora_collection,face_mask,sephora_collection_supermask_the_golden_mask,,,,,,,,,,"Butylene Glycol;Glycerin;Betaine;Caulerpa Lentillifera Extract;1,2-Hexanediol;Hydroxyacetophenone;PEG-40 Hydrogenated Castor Oil;Fragrance;Xanthan Gum;Sodium Carbomer;Sodium Hyaluronate;Citrus Reticulata (Tangerine) Peel Extract;Phenoxyethanol;Honey Extract;Aphanothece Sacrum Polysaccharide;Sclerotium Gum;Potassium Sorbate;Sorbic Acid,",,,,,,,,,,face mask,nan
Face Mask,KIEHL'S SINCE 1851,Ginger Leaf & Hibiscus Firming Mask,54,4.4,"Water, PVP, Propanediol, Behenyl Alcohol, Caprylic/Capric Triglyceride, Isoamyl Laurate, Mangifera Indica Seed Butter/Mango Seed Butter, Butyrospermum Parkii Butter/Shea Butter, Butyrospermum Parkii Oil/Shea Oil, Pullulan, Arachidyl Alcohol, Euphorbia Cerifera Cera/Candelilla Wax, Cetearyl Alcohol, Glycerin, Butylene Glycol, Coco-Glucoside, Paeonia Suffruticosa Root Extract, Scutellaria Baicalensis Root Extract, Prunus Amygdalus Dulcis Oil/Sweet Almond Oil, Hibiscus Esculentus Seed Extract, Sodium Polyacrylate, Acrylates/C10-30 Feel the instant firming effect of our indulgent velvety cream mask. Formulated with Hibiscus, whose flower is Alkyl Acrylate Crosspolymer, Arachidyl Glucoside, Ethylhexylglycerin, PEG-100 Stearate,Lavandula Angustifolia Oil/Lavender Oil, Corallina Officinalis Extract, Curcuma Longa Root Extract/Turmeric Root Extract, Elettaria Cardamomum Seed Oil, Salvia Sclarea Extract/Clary Extract, Moringa Oleifera Seed Oil, Ocimum Basilicum Flower/Leaf Extract - Basil Flower/Leaf Extract, Dipteryx Odorata Seed Extract, Cistus Ladaniferus Leaf/Stem Extract, Coumarin, Ocimum Sanctum Leaf Extract, Citral, Rosa Damascena Extract, Vanilla Planifolia Fruit Extract, Tocopherol, Citric Acid.",1,1,1,1,1,ginger_leaf_hibiscus_firming_mask,kiehl's_since_1851,face_mask,kiehl's_since_1851_ginger_leaf_hibiscus_firming_mask,,,,,,,,,,"PVP;Propanediol;Behenyl Alcohol;Caprylic/Capric Triglyceride;Isoamyl Laurate;Mangifera Indica Seed Butter/Mango Seed Butter;Butyrospermum Parkii Butter/Shea Butter;Butyrospermum Parkii Oil/Shea Oil;Pullulan;Arachidyl Alcohol;Euphorbia Cerifera Cera/Candelilla Wax;Cetearyl Alcohol;Glycerin;Butylene Glycol;Coco-Glucoside;Paeonia Suffruticosa Root Extract;Scutellaria Baicalensis Root Extract;Prunus Amygdalus Dulcis Oil/Sweet Almond Oil;Hibiscus Esculentus Seed Extract;Sodium Polyacrylate;Acrylates/C10-30 Feel the instant firming effect of our indulgent velvety cream mask, Formulated with Hibiscus;whose flower is Alkyl Acrylate Crosspolymer;Arachidyl Glucoside;Ethylhexylglycerin;PEG-100 Stearate;Lavandula Angustifolia Oil/Lavender Oil;Corallina Officinalis Extract;Curcuma Longa Root Extract/Turmeric Root Extract;Elettaria Cardamomum Seed Oil;Salvia Sclarea Extract/Clary Extract;Moringa Oleifera Seed Oil;Ocimum Basilicum Flower/Leaf Extract - Basil Flower/Leaf Extract;Dipteryx Odorata Seed Extract;Cistus Ladaniferus Leaf/Stem Extract;Coumarin;Ocimum Sanctum Leaf Extract;Citral;Rosa Damascena Extract;Vanilla Planifolia Fruit Extract;Tocopherol;Citric Acid,",,,,,,,,,,face mask,nan
Face Mask,DR. BRANDT SKINCARE,Hydro Biotic™ Recovery Sleeping Mask,52,4.6,"Water, Dimethicone, Propanediol, Glycerin, Sodium Chloride, Dimethicone Peg-10/15 Crosspolymer, Lactococcus Ferment Lysate, Hexyldecanol, Inulin, 1,2-Hexanediol, Sodium Benzoate, Yogurt Powder, Peg-10 Dimethicone, Butylene Glycol, Tamarindus Indica Seed Polysaccharide, Sodium Citrate, Caprylhydroxamic Acid, Tocopheryl Acetate, Lavandula Angustifolia (Lavender) Oil, Trisodium Ethylenediamine Disuccinate, Bisabolol, Cetylhydroxyproline Palmitamide, Stearic Acid, Honey, Brassica Campestris (Rapeseed) Sterols, Rosa Damascena Flower Oil, Camellia Sinensis Leaf Extract, Phenoxyethanol, Vitis Vinifera (Grape) Seed Extract, Boswellia Serrata Extract, Honey Extract, Sodium Copper Chlorophyllin, Aspalathus Linearis (Rooibos) Extract, Saccharomyces Polypeptides.",1,1,1,1,1,hydro_biotic_recovery_sleeping_mask,dr._brandt_skincare,face_mask,dr._brandt_skincare_hydro_biotic_recovery_sleeping_mask,,,,,,,,,,"Dimethicone;Propanediol;Glycerin;Sodium Chloride;Dimethicone Peg-10/15 Crosspolymer;Lactococcus Ferment Lysate;Hexyldecanol;Inulin;1,2-Hexanediol;Sodium Benzoate;Yogurt Powder;Peg-10 Dimethicone;Butylene Glycol;Tamarindus Indica Seed Polysaccharide;Sodium Citrate;Caprylhydroxamic Acid;Tocopheryl Acetate;Lavandula Angustifolia (Lavender) Oil;Trisodium Ethylenediamine Disuccinate;Bisabolol;Cetylhydroxyproline Palmitamide;Stearic Acid;Honey;Brassica Campestris (Rapeseed) Sterols;Rosa Damascena Flower Oil;Camellia Sinensis Leaf Extract;Phenoxyethanol;Vitis Vinifera (Grape) Seed Extract;Boswellia Serrata Extract;Honey Extract;Sodium Copper Chlorophyllin;Aspalathus Linearis (Rooibos) Extract;Saccharomyces Polypeptides,",0.0,989.0,8427.0,4.6208,,,,0.47,11.74,face mask,nan
Face Mask,SATURDAY SKIN,Spotlight Brightening Mask,6,4.6,"Saccharomyces Ferment, Water, Methylpropanediol, 1,2-Hexanediol, Alcohol, Glycerin, Dipropylene Glycol, Butylene Glycol, Vaccinium Vitis-Idaea Leaf Extract, Glycyrrhiza Glabra (Licorice) Root Extract, Nelumbo Nucifera Flower Extract, Citrus Medica Limonum (Lemon) Peel Oil, Juniperus Mexicana Oil, Lavandula Angustifolia (Lavender) Oil, Rosmarinus Officinalis (Rosemary) Leaf Oil, Eucalyptus Globulus Leaf Oil, Citrus Aurantium Dulcis (Orange) Peel Oil, Citrus Grandis (Grapefruit) Peel Oil, Hydrogenated Lecithin, Cholesterol, sh-Polypeptide-1, sh-Polypeptide-8, sh-Polypeptide-9, sh-Polypeptide-45, sh-Polypeptide-22, sh-Oligopeptide-1, sh-Oligopeptide-2, PEG-800, Polysorbate 20, Carbomer, Disodium EDTA, Potassium Hydroxide, Ethylhexylglycerin.",1,1,1,1,1,spotlight_brightening_mask,saturday_skin,face_mask,saturday_skin_spotlight_brightening_mask,,,,,,,,,,"Saccharomyces Ferment;Methylpropanediol;1,2-Hexanediol;Alcohol;Glycerin;Dipropylene Glycol;Butylene Glycol;Vaccinium Vitis-Idaea Leaf Extract;Glycyrrhiza Glabra (Licorice) Root Extract;Nelumbo Nucifera Flower Extract;Citrus Medica Limonum (Lemon) Peel Oil;Juniperus Mexicana Oil;Lavandula Angustifolia (Lavender) Oil;Rosmarinus Officinalis (Rosemary) Leaf Oil;Eucalyptus Globulus Leaf Oil;Citrus Aurantium Dulcis (Orange) Peel Oil;Citrus Grandis (Grapefruit) Peel Oil;Hydrogenated Lecithin;Cholesterol;sh-Polypeptide-1;sh-Polypeptide-8;sh-Polypeptide-9;sh-Polypeptide-45;sh-Polypeptide-22;sh-Oligopeptide-1;sh-Oligopeptide-2;PEG-800;Polysorbate 20;Carbomer;Disodium EDTA;Potassium Hydroxide;Ethylhexylglycerin,",,,,,,,,,,face mask,nan
Face Mask,SEPHORA COLLECTION,SUPERMASK - The Bubble Mask,6,4.7,Visit the SEPHORA COLLECTION boutique,1,1,1,1,1,supermask_the_bubble_mask,sephora_collection,face_mask,sephora_collection_supermask_the_bubble_mask,,,,,,,,,,Visit the SEPHORA COLLECTION boutique,,,,,,,,,,face mask,nan
Face Mask,GLAMGLOW,#GLITTERMASK GRAVITYMUD™ Firming Treatment,59,4.3,"Water, Polyvinyl Alcohol, Polyethylene Terephthalate, Alcohol Denat., Butylene Glycol, Glycerin, Hamamelis Virginiana (Witch Hazel) Water, Montmorillonite, Illite, Canadian Colloidal Clay, Dipotassium Glycyrrhizate, Althaea Officinalis Leaf Extract, Porphyridium Cruentum Extract, Chondrus Crispus (Carrageenan), Ascophyllum Nodosum Powder, Sodium Hyaluronate, Lecithin, Pullulan, Soy Isoflavones, Ethylhexylglycerin, Peg-12 Dimethicone, Polyurethane-11, Polymethylsilsesquioxane, Polysorbate 20, Polysorbate 80, Xanthan Gum, Hydroxypropyl Methylcellulose, Tapioca Starch, Platinum Powder, Caprylyl Glycol, Pentylene Glycol, Alcohol, Citric Acid, Fragrance, Coumarin, Disodium Edta, Phenoxyethanol, Sorbic Acid, Potassium Sorbate, Aluminum Powder (Ci 77000), Black 2 (Ci 77266), Iron Oxides (Ci 77499)",1,1,1,1,0,#glittermask_gravitymud_firming_treatment,glamglow,face_mask,glamglow_#glittermask_gravitymud_firming_treatment,,,,,,,,,,"Polyvinyl Alcohol;Polyethylene Terephthalate;Alcohol Denat,;Butylene Glycol;Glycerin;Hamamelis Virginiana (Witch Hazel) Water;Montmorillonite;Illite;Canadian Colloidal Clay;Dipotassium Glycyrrhizate;Althaea Officinalis Leaf Extract;Porphyridium Cruentum Extract;Chondrus Crispus (Carrageenan);Ascophyllum Nodosum Powder;Sodium Hyaluronate;Lecithin;Pullulan;Soy Isoflavones;Ethylhexylglycerin;Peg-12 Dimethicone;Polyurethane-11;Polymethylsilsesquioxane;Polysorbate 20;Polysorbate 80;Xanthan Gum;Hydroxypropyl Methylcellulose;Tapioca Starch;Platinum Powder;Caprylyl Glycol;Pentylene Glycol;Alcohol;Citric Acid;Fragrance;Coumarin;Disodium Edta;Phenoxyethanol;Sorbic Acid;Potassium Sorbate;Aluminum Powder (Ci 77000);Black 2 (Ci 77266);Iron Oxides (Ci 77499)",,,,,,,,,,face mask,nan
Face Mask,BOSCIA,Luminizing Pink Charcoal Mask,34,3.5,"Water, Polyvinyl Alcohol, Hamamelis Virginiana (Witch Hazel) Water, Glycereth-26, Butylene Glycol, Glycerin, Pentylene Glycol, Montmorillonite, Polysorbate 20, Acrylates/Palmeth-25 Acrylate Copolymer, Acrylates Copolymer, Lonicera Japonica (Honeysuckle) Flower Extract, Xanthan Gum, Ascorbyl Glucoside, Lonicera Caprifolium (Honeysuckle) Flower Extract, Diglycerin, Simmondsia Chinensis (Jojoba) Seed Extract, Epilobium Angustifolium Flower/Leaf/Stem Extract, Pinus Pinaster Bark Extract, Rosmarinus Officinalis (Rosemary) Leaf Oil, Eucalyptus Globulus Leaf Oil, Charcoal Powder, Titanium Dioxide (CI 77891), Carmine (CI 75470).",1,0,1,1,1,luminizing_pink_charcoal_mask,boscia,face_mask,boscia_luminizing_pink_charcoal_mask,,,,,,,,,,"Polyvinyl Alcohol;Hamamelis Virginiana (Witch Hazel) Water;Glycereth-26;Butylene Glycol;Glycerin;Pentylene Glycol;Montmorillonite;Polysorbate 20;Acrylates/Palmeth-25 Acrylate Copolymer;Acrylates Copolymer;Lonicera Japonica (Honeysuckle) Flower Extract;Xanthan Gum;Ascorbyl Glucoside;Lonicera Caprifolium (Honeysuckle) Flower Extract;Diglycerin;Simmondsia Chinensis (Jojoba) Seed Extract;Epilobium Angustifolium Flower/Leaf/Stem Extract;Pinus Pinaster Bark Extract;Rosmarinus Officinalis (Rosemary) Leaf Oil;Eucalyptus Globulus Leaf Oil;Charcoal Powder;Titanium Dioxide (CI 77891);Carmine (CI 75470),",,,,,,,,,,face mask,nan
Face Mask,KORRES,Greek Yoghurt Advanced Nourishing Sleeping Facial,46,4.4,"Water, Glycerin, Glyceryl Stearate Citrate, Dicaprylyl Carbonate, Alcohol Denat., Triheptanoin, Behenyl Alcohol, Glyceryl Stearate, Aloe Barbadensis Leaf Juice, Isodecyl Neopentanoate, Simmondsia Chinensis (Jojoba) Seed Oil, Cera Alba/Beeswax/Cire D'abeille, Lecithin, Imperata Cylindrica Root Extract, Acacia Decurrens/Jojoba/Sunflower Seed Wax/Polyglyceryl-3 Esters, Acrylates/C10-30 Alkyl Acrylate Crosspolymer, Alpha-Isomethyl Ionone, Amyl Cinnamal, Ascorbyl Tetraisopalmitate, Benzyl Salicylate, Caprylyl Glycol, Carbomer, Cetearyl Alcohol, Coumarin, Distarch Phosphate, Fragrance, Galactoarabinan, Geraniol, Glycine Soja (Soybean) Oil, Glycine Soja (Soybean) Sterols, Hydrolyzed Sodium Hyaluronate, Hydroxycitronellal, Hydroxyethyl Acrylate/Sodium Acryloyldimethyl Taurate Copolymer, Hydroxyisohexyl 3 Cyclohexene Carboxaldehyde, Isoeugenol, Linalool, Phenoxyethanol, Rosmarinus Officinalis (Rosemary) Leaf Extract, Sodium Hydroxide, Tetrahydrodiferuloylmethane, Tetrasodium Glutamate Diacetate, Tocopheryl Acetate, Xanthan Gum, Yogurt Powder.",1,1,1,1,1,greek_yoghurt_advanced_nourishing_sleeping_facial,korres,face_mask,korres_greek_yoghurt_advanced_nourishing_sleeping_facial,1.0,560.0,21222.0,4.3571,1.35,Moisturizers,34.07,0.78,2.64,"Glycerin;Glyceryl Stearate Citrate;Dicaprylyl Carbonate;Alcohol Denat,;Triheptanoin;Behenyl Alcohol;Glyceryl Stearate;Aloe Barbadensis Leaf Juice;Isodecyl Neopentanoate;Simmondsia Chinensis (Jojoba) Seed Oil;Cera Alba/Beeswax/Cire D'abeille;Lecithin;Imperata Cylindrica Root Extract;Acacia Decurrens/Jojoba/Sunflower Seed Wax/Polyglyceryl-3 Esters;Acrylates/C10-30 Alkyl Acrylate Crosspolymer;Alpha-Isomethyl Ionone;Amyl Cinnamal;Ascorbyl Tetraisopalmitate;Benzyl Salicylate;Caprylyl Glycol;Carbomer;Cetearyl Alcohol;Coumarin;Distarch Phosphate;Fragrance;Galactoarabinan;Geraniol;Glycine Soja (Soybean) Oil;Glycine Soja (Soybean) Sterols;Hydrolyzed Sodium Hyaluronate;Hydroxycitronellal;Hydroxyethyl Acrylate/Sodium Acryloyldimethyl Taurate Copolymer;Hydroxyisohexyl 3 Cyclohexene Carboxaldehyde;Isoeugenol;Linalool;Phenoxyethanol;Rosmarinus Officinalis (Rosemary) Leaf Extract;Sodium Hydroxide;Tetrahydrodiferuloylmethane;Tetrasodium Glutamate Diacetate;Tocopheryl Acetate;Xanthan Gum;Yogurt Powder,",1.0,560.0,21222.0,4.3571,1.35,Moisturizers,34.07,0.78,2.64,face mask,High (13k - 26k)
Face Mask,PETER THOMAS ROTH,Irish Moor Mud Purifying Black Mask,58,4.4,"Water, Glycerin, Peat, Charcoal Powder, Polyacrylamide, Lava Powder, Sargassum Fusiforme Extract, Kaolin, Bentonite, Lactic Acid, C13-14 Isoparaffin, Isohexadecane, Sodium Acrylate/Sodium Acryloyldimethyl Taurate Copolymer, Dimethicone, Xanthan Gum, Disodium Edta, Polysorbate 80, Laureth-7, Sorbitan Oleate, Sodium Benzoate, Potassium Sorbate, Phenoxyethanol, Mica (Ci 77019).",1,1,1,1,1,irish_moor_mud_purifying_black_mask,peter_thomas_roth,face_mask,peter_thomas_roth_irish_moor_mud_purifying_black_mask,,,,,,,,,,"Glycerin;Peat;Charcoal Powder;Polyacrylamide;Lava Powder;Sargassum Fusiforme Extract;Kaolin;Bentonite;Lactic Acid;C13-14 Isoparaffin;Isohexadecane;Sodium Acrylate/Sodium Acryloyldimethyl Taurate Copolymer;Dimethicone;Xanthan Gum;Disodium Edta;Polysorbate 80;Laureth-7;Sorbitan Oleate;Sodium Benzoate;Potassium Sorbate;Phenoxyethanol;Mica (Ci 77019),",,,,,,,,,,face mask,nan
Face Mask,SEPHORA COLLECTION,Face Mask - Aloe Vera - Replenishing,6,4.7,"Water, Butylene Glycol, Aloe Barbadensis Leaf Juice, Glycerin, Betaine, 1,2-Hexanediol, Hydroxyacetophenone, Saccharide Isomerate, Xanthan Gum, Parfum (Fragrance), Aloe Barbadensis Leaf Extract, Phalaenopsis Amabilis Extract, Phenoxyethanol, Citric Acid, Sodium Citrate, Potassium Sorbate, Sodium Benzoate.",1,1,1,1,1,face_mask_aloe_vera_replenishing,sephora_collection,face_mask,sephora_collection_face_mask_aloe_vera_replenishing,,,,,,,,,,"Butylene Glycol;Aloe Barbadensis Leaf Juice;Glycerin;Betaine;1,2-Hexanediol;Hydroxyacetophenone;Saccharide Isomerate;Xanthan Gum;Parfum (Fragrance);Aloe Barbadensis Leaf Extract;Phalaenopsis Amabilis Extract;Phenoxyethanol;Citric Acid;Sodium Citrate;Potassium Sorbate;Sodium Benzoate,",,,,,,,,,,face mask,nan
Face Mask,TATA HARPER,Clarifying Mask,68,3.9,"Mel/Honey/Miel, Kaolin, Salvia Officinalis (Sage) Flower/Leaf/Stem Extract*, Lactobacillis, Rye Flour, Ferment, L (+) Lactic Acid, Salix Alba (Willow) Bark Extract, Lavandula Angustifolia (Lavender) Flower/Leaf/Stem Water*, Maranta Arundinacea Root Extract, Bentonite, Aroma**, Glyceryl Undecylenate, Pyrus Malus (Apple) Seed Oil, Water, Glycerin, Hydrated Silica, Oenothera Biennis (Evening Primrose) Oil*, Santalum Spicatum (Sandalwood) Seed Oil, Lannea Microcarpa Fruit Extract, Tasmannia Lanceolata Fruit/Leaf Extract, Chlorella Pyrenoidosa, Vaccinium Myrtillus Fruit, Leaf Extract, Gaultheria Procumbens (Wintergreen) Leaf Extract, Saccharum Officinarum (Sugar Cane) Extract, Citrus Aurantium Dulcis (Orange) Fruit Extract, Citrus Limon (Lemon) Fruit Extract, Acer Saccharum (Sugar Maple) Extract, Olea Europaea (Olive) Oil*, Borago Officinalis (Borage) Oil, Arnica Montana (Arnica) Extract*, Borago Officinalis (Borage) Leaf Extract*, Calendula Officinalis (Calendula) Flower Extract*, Medicago Sativa (Alfalfa) Extract*, Spiraea Ulmaria Flower Extract*, Sambucus Nigra Fruit Extract, Alpha-Glucan Oligosaccharide, Glyceryl Caprylate, Sodium Citrate, Sodium Phytate, CI 77288, Linalool, Limonene, Geraniol, Citronellol, Citral, Eugenol, Methyl Eugenol.",1,1,1,1,1,clarifying_mask,tata_harper,face_mask,tata_harper_clarifying_mask,,,,,,,,,,"Mel/Honey/Miel;Kaolin;Salvia Officinalis (Sage) Flower/Leaf/Stem Extract*;Lactobacillis;Rye Flour;Ferment;L (+) Lactic Acid;Salix Alba (Willow) Bark Extract;Lavandula Angustifolia (Lavender) Flower/Leaf/Stem Water*;Maranta Arundinacea Root Extract;Bentonite;Aroma**;Glyceryl Undecylenate;Pyrus Malus (Apple) Seed Oil;Glycerin;Hydrated Silica;Oenothera Biennis (Evening Primrose) Oil*;Santalum Spicatum (Sandalwood) Seed Oil;Lannea Microcarpa Fruit Extract;Tasmannia Lanceolata Fruit/Leaf Extract;Chlorella Pyrenoidosa;Vaccinium Myrtillus Fruit;Leaf Extract;Gaultheria Procumbens (Wintergreen) Leaf Extract;Saccharum Officinarum (Sugar Cane) Extract;Citrus Aurantium Dulcis (Orange) Fruit Extract;Citrus Limon (Lemon) Fruit Extract;Acer Saccharum (Sugar Maple) Extract;Olea Europaea (Olive) Oil*;Borago Officinalis (Borage) Oil;Arnica Montana (Arnica) Extract*;Borago Officinalis (Borage) Leaf Extract*;Calendula Officinalis (Calendula) Flower Extract*;Medicago Sativa (Alfalfa) Extract*;Spiraea Ulmaria Flower Extract*;Sambucus Nigra Fruit Extract;Alpha-Glucan Oligosaccharide;Glyceryl Caprylate;Sodium Citrate;Sodium Phytate;CI 77288;Linalool;Limonene;Geraniol;Citronellol;Citral;Eugenol;Methyl Eugenol,",,,,,,,,,,face mask,nan
Face Mask,DR. JART+,Hydration Lover Rubber Mask,12,4.0,"Water, Methylpropanediol, Chondrus Crispus Extract, Glycerin, 1,2-Hexanediol, Algin, Calcium Lactate, Butylene Glycol, Codium Fragile Extract, EnteromorphaCompressa Extract, Chlorella Minutissima Extract, Dipotassium Glycyrrhizate,Panthenol, Allantoin, PEG-60 Hydrogenated Castor Oil, Titanium Dioxide, Polymethylsilsesquioxane, Melia Azadirachta Leaf Extract, Melia Azadirachta Flower Extract,Coccinia Indica Fruit Extract, Solanum Melongena (Eggplant) Fruit Extract, Aloe BarbadensisFlower Extract, Simmondsia Chinensis (Jojoba) Seed Oil, Ocimum SanctumLeaf Extract, Curcuma Longa (Turmeric) Root Extract, Corallina Officinalis Extract,Silica, Citrus Aurantium Dulcis (Orange) Peel Oil, Citrus Limon (Lemon) Peel Oil, CitrusGrandis (Grapefruit) Peel Oil, Citrus Aurantium Bergamia (Bergamot) Fruit Oil, RosmarinusOfficinalis (Rosemary) Leaf Oil, Eucalyptus Globulus Leaf Oil, Lavandula Angustifolia(Lavender) Oil, Disodium EDTA, Ceratonia Siliqua Gum, Sucrose, PotassiumChloride, Xanthan Gum, Citric Acid, Sodium Citrate, Phenoxyethanol, Ethylhexylglycerin.",1,1,1,0,1,hydration_lover_rubber_mask,dr._jart,face_mask,dr._jart_hydration_lover_rubber_mask,,,,,,,,,,"Methylpropanediol;Chondrus Crispus Extract;Glycerin;1,2-Hexanediol;Algin;Calcium Lactate;Butylene Glycol;Codium Fragile Extract;EnteromorphaCompressa Extract;Chlorella Minutissima Extract;Dipotassium Glycyrrhizate;Panthenol;Allantoin;PEG-60 Hydrogenated Castor Oil;Titanium Dioxide;Polymethylsilsesquioxane;Melia Azadirachta Leaf Extract;Melia Azadirachta Flower Extract;Coccinia Indica Fruit Extract;Solanum Melongena (Eggplant) Fruit Extract;Aloe BarbadensisFlower Extract;Simmondsia Chinensis (Jojoba) Seed Oil;Ocimum SanctumLeaf Extract;Curcuma Longa (Turmeric) Root Extract;Corallina Officinalis Extract;Silica;Citrus Aurantium Dulcis (Orange) Peel Oil;Citrus Limon (Lemon) Peel Oil;CitrusGrandis (Grapefruit) Peel Oil;Citrus Aurantium Bergamia (Bergamot) Fruit Oil;RosmarinusOfficinalis (Rosemary) Leaf Oil;Eucalyptus Globulus Leaf Oil;Lavandula Angustifolia(Lavender) Oil;Disodium EDTA;Ceratonia Siliqua Gum;Sucrose;PotassiumChloride;Xanthan Gum;Citric Acid;Sodium Citrate;Phenoxyethanol;Ethylhexylglycerin,",,,,,,,,,,face mask,nan
Face Mask,DR. JART+,Bright Lover Rubber Mask,12,4.3,"Water, Methylpropanediol, Chondrus Crispus Extract, Glycerin, 1,2-Hexanediol, Algin, Calcium Lactate, Laminaria Japonica Extract, Undaria Pinnatifida Extract, Sargassum Fulvellum Extract, Dipotassium Glycyrrhizate, Panthenol, Allantoin, PEG60Hydrogenated Castor Oil, Titanium Dioxide, Polymethylsilsesquioxane, Curcuma Lo-nga (Turmeric) Root Extract, Melia Azadirachta Flower Extract, Melia Azadirachta LeafExtract, Melia Azadirachta Bark Extract, Corallina Officinalis Extract, Moringa OleiferaSeed Oil, Ocimum Sanctum Leaf Extract, Silica, Citrus Nobilis (Mandarin Orange) PeelOil, Disodium EDTA, Butylene Glycol, Ceratonia Siliqua Gum, Sucrose, Potassium Chl-oride, Xanthan Gum, Citric Acid, Sodium Citrate, Phenoxyethanol, Ethylhexylglycerin.",1,1,1,1,1,bright_lover_rubber_mask,dr._jart,face_mask,dr._jart_bright_lover_rubber_mask,,,,,,,,,,"Methylpropanediol;Chondrus Crispus Extract;Glycerin;1,2-Hexanediol;Algin;Calcium Lactate;Laminaria Japonica Extract;Undaria Pinnatifida Extract;Sargassum Fulvellum Extract;Dipotassium Glycyrrhizate;Panthenol;Allantoin;PEG60Hydrogenated Castor Oil;Titanium Dioxide;Polymethylsilsesquioxane;Curcuma Lo-nga (Turmeric) Root Extract;Melia Azadirachta Flower Extract;Melia Azadirachta LeafExtract;Melia Azadirachta Bark Extract;Corallina Officinalis Extract;Moringa OleiferaSeed Oil;Ocimum Sanctum Leaf Extract;Silica;Citrus Nobilis (Mandarin Orange) PeelOil;Disodium EDTA;Butylene Glycol;Ceratonia Siliqua Gum;Sucrose;Potassium Chl-oride;Xanthan Gum;Citric Acid;Sodium Citrate;Phenoxyethanol;Ethylhexylglycerin,",,,,,,,,,,face mask,nan
Face Mask,FIRST AID BEAUTY,5 in 1 Bouncy Mask,38,4.3,"Water, Propanediol, Butylene Glycol, Cyclopentasiloxane, Glycerin, PEG-240/HDI Copolymer Bis-Decyltetradeceth-20 Ether, Pyrus Malus (Apple) Fruit Extract, Citrullus Lanatus (Watermelon) Fruit Extract, Lens Esculenta (Lentil) Fruit Extract, Pullulan, Camellia Sinensis Leaf Extract, Chrysanthemum Parthenium (Feverfew) Extract, Algae Extract, Cucumis Sativus (Cucumber) Fruit Extract, Rosa Multiflora Fruit Extract, Glycyrrhiza Glabra (Licorice) Root Extract, Plankton Extract, Tocopherol, Sea Salt (Maris Sal, Sal Marin), Ascorbyl Palmitate, Dipotassium Glycyrrhizate, Tetrahexyldecyl Ascorbate, Sodium PCA, Dimethicone, Polyglyceryl-10 Laurate, Divinyldimethicone/Dimethicone Copolymer, Caprylic/Capric Triglyceride, Caprylyl Glycol, Pentylene Glycol, Menthoxypropanediol, Stevioside, Carrageenan, Disodium EDTA, Hydrogenated Castor Oil Isostearate, Sodium Lactate, Sodium Dilauramidoglutamide Lysine, Hydroxyphenyl Propamidobenzoic Acid, Sodium Citrate, Phenoxyethanol, Xanthan Gum, Sodium Benzoate, Potassium Sorbate, Potassium Laurate.",1,1,1,1,1,5_in_1_bouncy_mask,first_aid_beauty,face_mask,first_aid_beauty_5_in_1_bouncy_mask,,,,,,,,,,"Propanediol;Butylene Glycol;Cyclopentasiloxane;Glycerin;PEG-240/HDI Copolymer Bis-Decyltetradeceth-20 Ether;Pyrus Malus (Apple) Fruit Extract;Citrullus Lanatus (Watermelon) Fruit Extract;Lens Esculenta (Lentil) Fruit Extract;Pullulan;Camellia Sinensis Leaf Extract;Chrysanthemum Parthenium (Feverfew) Extract;Algae Extract;Cucumis Sativus (Cucumber) Fruit Extract;Rosa Multiflora Fruit Extract;Glycyrrhiza Glabra (Licorice) Root Extract;Plankton Extract;Tocopherol;Sea Salt (Maris Sal;Sal Marin);Ascorbyl Palmitate;Dipotassium Glycyrrhizate;Tetrahexyldecyl Ascorbate;Sodium PCA;Dimethicone;Polyglyceryl-10 Laurate;Divinyldimethicone/Dimethicone Copolymer;Caprylic/Capric Triglyceride;Caprylyl Glycol;Pentylene Glycol;Menthoxypropanediol;Stevioside;Carrageenan;Disodium EDTA;Hydrogenated Castor Oil Isostearate;Sodium Lactate;Sodium Dilauramidoglutamide Lysine;Hydroxyphenyl Propamidobenzoic Acid;Sodium Citrate;Phenoxyethanol;Xanthan Gum;Sodium Benzoate;Potassium Sorbate;Potassium Laurate,",,,,,,,,,,face mask,nan
Face Mask,DR. JART+,Cicapair™ Tiger Grass Nightly Re.Pair Mask,48,4.3,"Water, Cantella Asiatica Leaf Water, Glycerin, Propanediol, Cyclopentasiloxane, Dimethicone, Butylene Glycol, lsododecane, Cetyl Ethylhexanoate, PEG-1 O Dimethicone, Niacinamide, Cetyl PEG/PPG-10/1 Dimethicone, Caprylic/Capric Triglyceride, Magnesium Sulfate, Bis-PEG/PPG-14/14 Dimethicone, Disteardimonium Hectorite, Propylene Carbonate, Phenoxyethanol, Chlorphenesin, Lavan du la Angustifolia (Lavender Oil, Citrus Grandis (Grapefruit) Peel Oil, Melia Azadirachta Leaf Extract, Sodium Benzoate, Rosmarinus Officinalis (Rosemary) Leaf Oil, Asiaticoside, Asiatic Acid, Adenosine, Potassium Sorbate, Disodium EDTA, Melia Azadirachta Flower Extract, Madecassic Acid, Anthe mis Nobilis Flower Oil, Theobroma Cacao (Cocoa) Extract, Dextrin, Gentelia J/.siatica Meristem Cell Culture, Silica, Aniba Rosaeodora (Rosewood) Wood Oil, Alcohol, 1,2-Hexanediol,Spirulina Platensis Powder, Gentelia Asiatica Extract, Houttuynia Cordata Extract, xanthan Gum, Polysorbate 20, PEG-8, Caprylyl Glycol, Helianthus Annuus (Sunflower) Seed Extract, PPG-1-PEG-9 Lauryl Glycol Ether, Achillea Millefolium Extract, Artemisia Absinthium Extract, Amica Montana Flower Extract, Gentiana Lutea Root Extract, Hedera Helix (Ivy) Leaf/Stem Extract, Sodium Glycerophosphata, Phytic Acid, Madecassosida, Selaginella Lepidophylla Extract, Potassium Magnesium Aspartate, Cibic Acid, Sodium Polyacrylate, Magnesium Gluconata, Calcium Gluconate.",1,1,1,1,1,cicapair_tiger_grass_nightly_re.pair_mask,dr._jart,face_mask,dr._jart_cicapair_tiger_grass_nightly_re.pair_mask,,,,,,,,,,"Cantella Asiatica Leaf Water;Glycerin;Propanediol;Cyclopentasiloxane;Dimethicone;Butylene Glycol;lsododecane;Cetyl Ethylhexanoate;PEG-1 O Dimethicone;Niacinamide;Cetyl PEG/PPG-10/1 Dimethicone;Caprylic/Capric Triglyceride;Magnesium Sulfate;Bis-PEG/PPG-14/14 Dimethicone;Disteardimonium Hectorite;Propylene Carbonate;Phenoxyethanol;Chlorphenesin;Lavan du la Angustifolia (Lavender Oil;Citrus Grandis (Grapefruit) Peel Oil;Melia Azadirachta Leaf Extract;Sodium Benzoate;Rosmarinus Officinalis (Rosemary) Leaf Oil;Asiaticoside;Asiatic Acid;Adenosine;Potassium Sorbate;Disodium EDTA;Melia Azadirachta Flower Extract;Madecassic Acid;Anthe mis Nobilis Flower Oil;Theobroma Cacao (Cocoa) Extract;Dextrin;Gentelia J/,siatica Meristem Cell Culture;Silica;Aniba Rosaeodora (Rosewood) Wood Oil;Alcohol;1,2-Hexanediol;Spirulina Platensis Powder;Gentelia Asiatica Extract;Houttuynia Cordata Extract;xanthan Gum;Polysorbate 20;PEG-8;Caprylyl Glycol;Helianthus Annuus (Sunflower) Seed Extract;PPG-1-PEG-9 Lauryl Glycol Ether;Achillea Millefolium Extract;Artemisia Absinthium Extract;Amica Montana Flower Extract;Gentiana Lutea Root Extract;Hedera Helix (Ivy) Leaf/Stem Extract;Sodium Glycerophosphata;Phytic Acid;Madecassosida;Selaginella Lepidophylla Extract;Potassium Magnesium Aspartate;Cibic Acid;Sodium Polyacrylate;Magnesium Gluconata;Calcium Gluconate,",,,,,,,,,,face mask,nan
Face Mask,AMOREPACIFIC,MOISTURE BOUND Sleeping Recovery Mask,60,4.3,"Phyllostachis Bambusoides Juice, Panax Ginseng Root Extract, Butylene Glycol, Alcohol, Glycerin, Dimethicone, Squalane, Cyclopentasiloxane, Glycereth-26, Water, Camellia Sinensis Leaf Extract, Cyclohexasiloxane, Hydrolyzed Camellia Sinensis Leaf, Hydrolyzed Phyllostachis Bambusoides, Nelumbo Nucifera Flower Extract, Opuntia Coccinellifera Fruit Extract, Glycine Soja (Soybean) Seed Extract, Magnesium Aspartate, Zinc Gluconate, Copper Gluconate, Calcium Gluconate, Zingiber Officinale (Ginger) Root Extract, Tricholoma Matsutake Extract, Daucus Carota Sativa (Carrot) Root Extract, Camellia Sinensis Flower Extract, Lactobacillus/Water Hyacinth Ferment, Theanine, Epigallocatechin Gallate, Acetyl Glucosamine, Sodium Hyaluronate, Tocopherol, Kaempferol, Betaine, Beta-Glucan, Niacinamide, Natto Gum, Peg-60 Hydrogenated Castor Oil, Polysilicone-11, Acrylates/C10-30 Alkyl Acrylate Crosspolymer, Dimethiconol, Ammonium Acryloyldimethyltaurate/Vp Copolymer, Hydroxyethylcellulose, Propanediol, Xanthan Gum, Dipotassium Glycyrrhizate, Stearyl Behenate, Polyglyceryl-3 Methylglucose Distearate, Peg-15 Pentaerythrityl Tetra(Laureth-6 Carboxylate), Caffeine, Mannitol, Phytantriol, Hydroxypropyl Bispalmitamide Mea, Poloxamer 407, Inulin Lauryl Carbamate, Polysorbate 20, Ethylhexylglycerin, Potassium Hydroxide, Disodium Edta, Phenoxyethanol, Fragrance.",1,1,1,0,1,moisture_bound_sleeping_recovery_mask,amorepacific,face_mask,amorepacific_moisture_bound_sleeping_recovery_mask,,,,,,,,,,"Phyllostachis Bambusoides Juice;Panax Ginseng Root Extract;Butylene Glycol;Alcohol;Glycerin;Dimethicone;Squalane;Cyclopentasiloxane;Glycereth-26;Camellia Sinensis Leaf Extract;Cyclohexasiloxane;Hydrolyzed Camellia Sinensis Leaf;Hydrolyzed Phyllostachis Bambusoides;Nelumbo Nucifera Flower Extract;Opuntia Coccinellifera Fruit Extract;Glycine Soja (Soybean) Seed Extract;Magnesium Aspartate;Zinc Gluconate;Copper Gluconate;Calcium Gluconate;Zingiber Officinale (Ginger) Root Extract;Tricholoma Matsutake Extract;Daucus Carota Sativa (Carrot) Root Extract;Camellia Sinensis Flower Extract;Lactobacillus/Water Hyacinth Ferment;Theanine;Epigallocatechin Gallate;Acetyl Glucosamine;Sodium Hyaluronate;Tocopherol;Kaempferol;Betaine;Beta-Glucan;Niacinamide;Natto Gum;Peg-60 Hydrogenated Castor Oil;Polysilicone-11;Acrylates/C10-30 Alkyl Acrylate Crosspolymer;Dimethiconol;Ammonium Acryloyldimethyltaurate/Vp Copolymer;Hydroxyethylcellulose;Propanediol;Xanthan Gum;Dipotassium Glycyrrhizate;Stearyl Behenate;Polyglyceryl-3 Methylglucose Distearate;Peg-15 Pentaerythrityl Tetra(Laureth-6 Carboxylate);Caffeine;Mannitol;Phytantriol;Hydroxypropyl Bispalmitamide Mea;Poloxamer 407;Inulin Lauryl Carbamate;Polysorbate 20;Ethylhexylglycerin;Potassium Hydroxide;Disodium Edta;Phenoxyethanol;Fragrance,",,,,,,,,,,face mask,nan
Face Mask,SEPHORA COLLECTION,Face Mask - Pineapple - Pore Perfecting,6,4.7,"Water, Butylene Glycol, Glycerin, Betaine, 1,2-Hexanediol, Hydroxyacetophenone, Xanthan Gum, Glycosyl Trehalose, Sodium Polyglutamate, Sodium Polyglutamate Crosspolymer, Phosphatidylcholine, Parfum (Fragrance), Phenoxyethanol, Polysorbate 80, Ananas Sativus (Pineapple) Fruit Extract, Ascorbyl Palmitate, Ubiquinone, Tocopheryl Acetate, Potassium Sorbate, Sodium Benzoate, Citric Acid.",1,1,1,1,1,face_mask_pineapple_pore_perfecting,sephora_collection,face_mask,sephora_collection_face_mask_pineapple_pore_perfecting,,,,,,,,,,"Butylene Glycol;Glycerin;Betaine;1,2-Hexanediol;Hydroxyacetophenone;Xanthan Gum;Glycosyl Trehalose;Sodium Polyglutamate;Sodium Polyglutamate Crosspolymer;Phosphatidylcholine;Parfum (Fragrance);Phenoxyethanol;Polysorbate 80;Ananas Sativus (Pineapple) Fruit Extract;Ascorbyl Palmitate;Ubiquinone;Tocopheryl Acetate;Potassium Sorbate;Sodium Benzoate;Citric Acid,",,,,,,,,,,face mask,nan
Face Mask,FARMACY,Coconut Gel Sheet Mask - Brightening,6,4.5,"Water, Glycerin, Niacinamide, Propanediol, Polyglycerin-3, Methylpropanediol, 1,2-Hexanediol, Betaine, Cocos Nucifera (Coconut) Water, Echinacea Purpurea Root Extract, Collagen, Brassica Oleracea Italica (Broccoli) Extract, Allantoin, Panthenol, Sodium Hyaluronate, Beta-Glucan, Artemisia Vulgaris Extract, Trehalose, Citrus Aurantifolia (Lime) Oil, Citrus, Aurantium Bergamia (Bergamot) Fruit Oil, Citrus Aurantium Dulcis (Orange) Peel Oil, Cananga, Odorata Flower Oil, Salvia Officinalis (Sage) Leaf Extract, Zingiber Officinale (Ginger) Root Oil, Polyglyceryl-10 Laurate, Sorbitan Olivate, Diethoxyethyl Succinate, Cetearyl Olivate, Butylene Glycol, Ammonium Acryloyldimethyltaurate/Vp Copolymer, Carbomer, Arginine, Caprylyl Glycol, Ethylhexylglycerin, Xanthan Gum, Trisodium Ethylenediamine Disuccinate, Caprylic/Capric Triglyceride, Dipotassium Glycyrrhizate, T-Butyl Alcohol, Leuconostoc/Radish Root Ferment Filtrate.",1,1,1,1,1,coconut_gel_sheet_mask_brightening,farmacy,face_mask,farmacy_coconut_gel_sheet_mask_brightening,,,,,,,,,,"Glycerin;Niacinamide;Propanediol;Polyglycerin-3;Methylpropanediol;1,2-Hexanediol;Betaine;Cocos Nucifera (Coconut) Water;Echinacea Purpurea Root Extract;Collagen;Brassica Oleracea Italica (Broccoli) Extract;Allantoin;Panthenol;Sodium Hyaluronate;Beta-Glucan;Artemisia Vulgaris Extract;Trehalose;Citrus Aurantifolia (Lime) Oil;Citrus;Aurantium Bergamia (Bergamot) Fruit Oil;Citrus Aurantium Dulcis (Orange) Peel Oil;Cananga;Odorata Flower Oil;Salvia Officinalis (Sage) Leaf Extract;Zingiber Officinale (Ginger) Root Oil;Polyglyceryl-10 Laurate;Sorbitan Olivate;Diethoxyethyl Succinate;Cetearyl Olivate;Butylene Glycol;Ammonium Acryloyldimethyltaurate/Vp Copolymer;Carbomer;Arginine;Caprylyl Glycol;Ethylhexylglycerin;Xanthan Gum;Trisodium Ethylenediamine Disuccinate;Caprylic/Capric Triglyceride;Dipotassium Glycyrrhizate;T-Butyl Alcohol;Leuconostoc/Radish Root Ferment Filtrate,",,,,,,,,,,face mask,nan
Face Mask,SEPHORA COLLECTION,Face Mask - Coconut - Nourishing,6,3.5,"Water, Butylene Glycol, Glycerin, Betaine, Mannitol, 1,2-Hexanediol, Hydroxyacetophenone, Saccharide Isomerate, Xanthan Gum, Ammonium Glycyrrhizate, Chenopodium Quinoa Seed Extract, PEG-40 Hydrogenated Castor Oil, Parfum (Fragrance), Caffeine, Zinc Gluconate, Cocos Nucifera (Coconut) Fruit Extract, Phenoxyethanol, Cocos Nucifera (Coconut) Oil, Citric Acid, Aesculus Hippocastanum (Horse Chestnut) Seed Extract, Sodium Citrate, Potassium Sorbate, Sodium Benzoate, Gardenia Tahitensis Flower, Tocopherol.",1,1,1,1,1,face_mask_coconut_nourishing,sephora_collection,face_mask,sephora_collection_face_mask_coconut_nourishing,,,,,,,,,,"Butylene Glycol;Glycerin;Betaine;Mannitol;1,2-Hexanediol;Hydroxyacetophenone;Saccharide Isomerate;Xanthan Gum;Ammonium Glycyrrhizate;Chenopodium Quinoa Seed Extract;PEG-40 Hydrogenated Castor Oil;Parfum (Fragrance);Caffeine;Zinc Gluconate;Cocos Nucifera (Coconut) Fruit Extract;Phenoxyethanol;Cocos Nucifera (Coconut) Oil;Citric Acid;Aesculus Hippocastanum (Horse Chestnut) Seed Extract;Sodium Citrate;Potassium Sorbate;Sodium Benzoate;Gardenia Tahitensis Flower;Tocopherol,",,,,,,,,,,face mask,nan
Face Mask,CLINIQUE,Pep-Start Pout Restoring Night Mask,17,4.6,"Petrolatum , Polybutene , Polyglyceryl-2 Triisostearate , Hydrogenated Polyisobutene , Tocopheryl Acetate , Pvp/Hexadecene Copolymer , Silica , Hydrogenated Castor Oil , Ppg-51/Smdi Copolymer , Caprylic/Capric/Myristic/Stearic Triglyceride , Ceramide Ng , Astrocaryum Murumuru Seed Butter , Sea Whip Extract , Butyrospermum Parkii (Shea Butter) , Cholesterol , Caprylyl Glycol , Caprylic/Capric Triglyceride , C12-16 Alcohols , Ethylene/Propylene/Styrene Copolymer , Tetrahexyldecyl Ascorbate , Palmitic Acid , Hydrogenated Lecithin , Butylene/Ethylene/Styrene Copolymer",0,0,0,0,0,pep_start_pout_restoring_night_mask,clinique,face_mask,clinique_pep_start_pout_restoring_night_mask,,,,,,,,,,Petrolatum;Polybutene;Polyglyceryl-2 Triisostearate;Hydrogenated Polyisobutene;Tocopheryl Acetate;Pvp/Hexadecene Copolymer;Silica;Hydrogenated Castor Oil;Ppg-51/Smdi Copolymer;Caprylic/Capric/Myristic/Stearic Triglyceride;Ceramide Ng;Astrocaryum Murumuru Seed Butter;Sea Whip Extract;Butyrospermum Parkii (Shea Butter);Cholesterol;Caprylyl Glycol;Caprylic/Capric Triglyceride;C12-16 Alcohols;Ethylene/Propylene/Styrene Copolymer;Tetrahexyldecyl Ascorbate;Palmitic Acid;Hydrogenated Lecithin;Butylene/Ethylene/Styrene Copolymer,,,,,,,,,,face mask,nan
Face Mask,BOSCIA,Charcoal Pore Pudding Intensive Wash-Off Treatment,38,4.4,"Charcoal Pore Pudding Black: Water, Diglycerin, Glycerin, Corn Starch, Talc, Kaolin, Montmorillonite, Acrylates Copolymer, Ethylhexylglycerin, Ammonium Acryloyldimethyltaurate/VP Copolymer, Hydroxyacetophenone, Charcoal Powder, Polysorbate 20, PVP, Butylene Glycol, Pelargonium Graveolens Flower Oil, Dipotassium Glycyrrhizate, Sodium Hyaluronate, Simmondsia Chinensis (Jojoba) Seed Extract, Epilobium Angustifolium Flower/Leaf/Stem Extract, Iron Oxides (CI 77499), Titanium Dioxide (CI 77891). White Charcoal Pore Pudding: Water, Diglycerin, Glycerin, Corn Starch, Montmorillonite, Kaolin, Talc, Ethylhexylglycerin, Hydroxyacetophenone, Polysorbate 20, Acrylates Copolymer, Ammonium Acryloyldimethyltaurate/VP Copolymer, Kappaphycus Alvarezii Extract, Butylene Glycol, PVP, Pelargonium Graveolens Flower Oil, Simmondsia Chinensis (Jojoba) Seed Extract, Sodium Hyaluronate, Sea Water, Caprylic/Capric Triglyceride, Epilobium Angustifolium Flower/Leaf/Stem Extract, Charcoal Powder, Salicornia Herbacea Extract, Titanium Dioxide (CI 77891).",1,1,1,1,1,charcoal_pore_pudding_intensive_wash_off_treatment,boscia,face_mask,boscia_charcoal_pore_pudding_intensive_wash_off_treatment,,,,,,,,,,"Charcoal Pore Pudding Black: Water;Diglycerin;Glycerin;Corn Starch;Talc;Kaolin;Montmorillonite;Acrylates Copolymer;Ethylhexylglycerin;Ammonium Acryloyldimethyltaurate/VP Copolymer;Hydroxyacetophenone;Charcoal Powder;Polysorbate 20;PVP;Butylene Glycol;Pelargonium Graveolens Flower Oil;Dipotassium Glycyrrhizate;Sodium Hyaluronate;Simmondsia Chinensis (Jojoba) Seed Extract;Epilobium Angustifolium Flower/Leaf/Stem Extract;Iron Oxides (CI 77499);Titanium Dioxide (CI 77891), White Charcoal Pore Pudding: Water;Diglycerin;Glycerin;Corn Starch;Montmorillonite;Kaolin;Talc;Ethylhexylglycerin;Hydroxyacetophenone;Polysorbate 20;Acrylates Copolymer;Ammonium Acryloyldimethyltaurate/VP Copolymer;Kappaphycus Alvarezii Extract;Butylene Glycol;PVP;Pelargonium Graveolens Flower Oil;Simmondsia Chinensis (Jojoba) Seed Extract;Sodium Hyaluronate;Sea Water;Caprylic/Capric Triglyceride;Epilobium Angustifolium Flower/Leaf/Stem Extract;Charcoal Powder;Salicornia Herbacea Extract;Titanium Dioxide (CI 77891),",,,,,,,,,,face mask,nan
Face Mask,FRESH,Peony Brightening Night Treatment Mask,82,4.0,"Water, Glycerin, Caprylic/Capric Triglyceride, Ethylhexyl Isononanoate, Ascorbyl Glucoside, Pentylene Glycol, Butylene Glycol, Dipalmitoyl Hydroxyproline, Steareth-2, Paeonia Suffruticosa Root Extract, Cucumis Sativus (Cucumber) Fruit Extract, Glycyrrhiza Glabra (Licorice) Root Extract, Citrus Limon (Lemon) Peel Oil, Adenosine, Sodium Hyaluronate, Tocopheryl Acetate, Tocopherol, Cetyl Alcohol, Stearyl Alcohol, Hydrogenated Coco-Glycerides, Steareth-21, Polymethylsilsesquioxane, Polyacrylamide, Acrylates/C10-30 Alkyl Acrylate Crosspolymer, Sodium Hydroxide, C13-14 Isoparaffin, Caprylyl Glycol, Dimethicone, Laureth-7, Bht, Limonene, Citral, Phenoxyethanol.",1,1,1,1,1,peony_brightening_night_treatment_mask,fresh,face_mask,fresh_peony_brightening_night_treatment_mask,0.0,137.0,12333.0,4.0365,3.3,Moisturizers,25.45,2.95,1.11,"Glycerin;Caprylic/Capric Triglyceride;Ethylhexyl Isononanoate;Ascorbyl Glucoside;Pentylene Glycol;Butylene Glycol;Dipalmitoyl Hydroxyproline;Steareth-2;Paeonia Suffruticosa Root Extract;Cucumis Sativus (Cucumber) Fruit Extract;Glycyrrhiza Glabra (Licorice) Root Extract;Citrus Limon (Lemon) Peel Oil;Adenosine;Sodium Hyaluronate;Tocopheryl Acetate;Tocopherol;Cetyl Alcohol;Stearyl Alcohol;Hydrogenated Coco-Glycerides;Steareth-21;Polymethylsilsesquioxane;Polyacrylamide;Acrylates/C10-30 Alkyl Acrylate Crosspolymer;Sodium Hydroxide;C13-14 Isoparaffin;Caprylyl Glycol;Dimethicone;Laureth-7;Bht;Limonene;Citral;Phenoxyethanol,",0.0,137.0,12333.0,4.0365,3.3,Moisturizers,25.45,2.95,1.11,face mask,Medium (7k - 13k)
Face Mask,SEPHORA COLLECTION,SUPERMASK - The Charcoal Mask,6,4.1,"Water, Glycerin, Hydroxyethyl Urea, Alcohol Denat, 1,2-Hexanediol, Phenoxyethanol, Butylene Glycol, Epilobium Fleischeri Extract, Coceth-7, Hydrolyzed Jojoba Esters, PPG-1-PEG-9 Lauryl Glycol Ether, Betaine, Hydroxyethyl Acrylate/Sodium Acryloyldimethyl Taurate Copolymer, PEG-40 Hydrogenated Castor Oil, Arginine, Carbomer, Ethylhexylglycerin, Fragrance, Disodium EDTA, Citric Acid, Charcoal Powder, Polysorbate 60, Sorbitan Isostearate, Potassium Sorbate, Tocopherol.",1,0,1,1,0,supermask_the_charcoal_mask,sephora_collection,face_mask,sephora_collection_supermask_the_charcoal_mask,,,,,,,,,,"Glycerin;Hydroxyethyl Urea;Alcohol Denat;1,2-Hexanediol;Phenoxyethanol;Butylene Glycol;Epilobium Fleischeri Extract;Coceth-7;Hydrolyzed Jojoba Esters;PPG-1-PEG-9 Lauryl Glycol Ether;Betaine;Hydroxyethyl Acrylate/Sodium Acryloyldimethyl Taurate Copolymer;PEG-40 Hydrogenated Castor Oil;Arginine;Carbomer;Ethylhexylglycerin;Fragrance;Disodium EDTA;Citric Acid;Charcoal Powder;Polysorbate 60;Sorbitan Isostearate;Potassium Sorbate;Tocopherol,",,,,,,,,,,face mask,nan
Face Mask,ERNO LASZLO,Hydra-Therapy Memory Sleep Mask,95,4.7,Visit the Erno Laszlo boutique,0,0,0,0,0,hydra_therapy_memory_sleep_mask,erno_laszlo,face_mask,erno_laszlo_hydra_therapy_memory_sleep_mask,0.0,64.0,4229.0,4.6719,1.35,Moisturizers,70.37,7.3,1.51,Visit the Erno Laszlo boutique,0.0,64.0,4229.0,4.6719,1.35,Moisturizers,70.37,7.3,1.51,face mask,Low (3k - 7k)
Face Mask,HERBIVORE,Brighten Pineapple Enzyme + Gemstone Instant Glow Mask,48,4.2,"Aloe Barbadensis (Organic Aloe) Leaf Juice, Hydroxyethyl Cellulose (plant derived), Glycerin, Carica Papaya (Organic Papaya) Fruit Extract, Pineapple Natural Melange, Citrus Aurantium var. Amara, Carica Papaya (Organic Papaya) Leaf Extract, Ananas Comosus (Organic Pineapple) Fruit Extract, Brazilian Micronized Tourmaline Gemstone Powder, Oryza Sativa (Rice) Powder, Leucidal (Radish Root Ferment).",1,1,1,0,1,brighten_pineapple_enzyme_gemstone_instant_glow_mask,herbivore,face_mask,herbivore_brighten_pineapple_enzyme_gemstone_instant_glow_mask,,,,,,,,,,"Aloe Barbadensis (Organic Aloe) Leaf Juice;Hydroxyethyl Cellulose (plant derived);Glycerin;Carica Papaya (Organic Papaya) Fruit Extract;Pineapple Natural Melange;Citrus Aurantium var, Amara;Carica Papaya (Organic Papaya) Leaf Extract;Ananas Comosus (Organic Pineapple) Fruit Extract;Brazilian Micronized Tourmaline Gemstone Powder;Oryza Sativa (Rice) Powder;Leucidal (Radish Root Ferment),",,,,,,,,,,face mask,nan
Face Mask,TATA HARPER,Purifying Mask,68,4.4,*Ingredients from organic farming. **Clinical grade essential oils blend.,1,1,1,1,0,purifying_mask,tata_harper,face_mask,tata_harper_purifying_mask,,,,,,,,,,"*Ingredients from organic farming, **Clinical grade essential oils blend,",,,,,,,,,,face mask,nan
Face Mask,YOUTH TO THE PEOPLE,Superfood Skin Reset Antioxidant Mask,44,4.4,"Water, Kaolin, Organic Glycerin, Organic Brassica Oleracea (Kale) Leaf Extract, Organic Spinacia Oleracea (Spinach) Leaf Extract, Organic Camellia Sinensis (Green Tea) Leaf Extract, Organic Chamomilla Recutita (Matricaria) Flower Extract, Organic Medicago Sativa (Alfalfa) Extract, Organic Aloe Barbadensis (Aloe) Leaf Extract, Organic Spirulina Platensis (Spirulina) Extract, Plankton Extract, Helianthus Annuus (Sunflower) Seed Oil, Stearic Acid, Glyceryl Stearate, Tocopheryl Acetate (Vitamin E), Ascorbic Acid (Vitamin C), Panthenol (Vitamin B5), Sodium Hyaluronate Crosspolymer, Algae Extract, Chlorophyll, Sodium Citrate, Sodium Ascorbate, Lecithin, Natural Fragrance, Pentylene Glycol, Ethylhexylglycerin, Phenoxyethanol, Potassium Sorbate.",1,1,1,1,1,superfood_skin_reset_antioxidant_mask,youth_to_the_people,face_mask,youth_to_the_people_superfood_skin_reset_antioxidant_mask,,,,,,,,,,"Kaolin;Organic Glycerin;Organic Brassica Oleracea (Kale) Leaf Extract;Organic Spinacia Oleracea (Spinach) Leaf Extract;Organic Camellia Sinensis (Green Tea) Leaf Extract;Organic Chamomilla Recutita (Matricaria) Flower Extract;Organic Medicago Sativa (Alfalfa) Extract;Organic Aloe Barbadensis (Aloe) Leaf Extract;Organic Spirulina Platensis (Spirulina) Extract;Plankton Extract;Helianthus Annuus (Sunflower) Seed Oil;Stearic Acid;Glyceryl Stearate;Tocopheryl Acetate (Vitamin E);Ascorbic Acid (Vitamin C);Panthenol (Vitamin B5);Sodium Hyaluronate Crosspolymer;Algae Extract;Chlorophyll;Sodium Citrate;Sodium Ascorbate;Lecithin;Natural Fragrance;Pentylene Glycol;Ethylhexylglycerin;Phenoxyethanol;Potassium Sorbate,",,,,,,,,,,face mask,nan
Face Mask,DR. JART+,Water Fuse Hydro Sleep Mask,48,4.4,"Water, Glycerin, Dimethicone, Butylene Glycol, Propanediol, PEG/PPG-17/6 Copolymer, Niacinamide, Cyclopentasiloxane, Cetyl Ethylhexanoate, Cetearyl Olivate, Cyclohexasiloxane, Carbomer, Sorbitan Olivate, Ammonium Acryloyldimethyltaurate/VP Copolymer, Tromethamine, Dimethiconol, Xanthan Gum, Dimethicone/Vinyl Dimethicone Crosspolymer, Phenoxyethanol, Chlorphenesin, Ethylhexylglycerin, Caprylyl Glycol, Adenosine, Alcohol, Disodium EDTA, Melia Azadirachta Leaf Extract, Citrus Grandis (Grapefruit) Peel Oil, Melia Azadirachta Flower Extract, Amino Esters-1, Sodium Hyaluronate, Coccinia Indica Fruit Extract, Eucalyptus Globulus Leaf Oil, Solanum Melongena (Eggplant) Fruit Extract, Citrus Aurantium Dulcis (Orange) Peel Oil, Aloe Barbadensis Flower Extract, Lawsonia Inermis (Henna) Extract, Curcuma Longa (Turmeric) Root Extract, Citrus Paradisi (Grapefruit) Peel Oil, Corallina Officinalis Extract, Boswellia Carterii Oil, Pelargonium Graveolens Flower Oil, Ocimum Sanctum Leaf Extract, Amyris Balsamifera Bark Oil, Mineral Salts, Onsen-Sui, Maltodextrin, Hydrolyzed Vegetable Protein, 1,2-Hexanediol, Sodium Glycerophosphate, Sodium Lactate, Potassium Magnesium Aspartate, Polysorbate 20, Calcium Gluconate, Magnesium Gluconate, Psidium Guajava Leaf Extract, Cinchona Succirubra Bark Extract, Aloe Barbadensis Leaf Extract, Abronia Villosa Leaf Extract, Rhodiola Rosea Root Extract, Palmitoyl Oligopeptide, Palmitoyl Tetrapeptide-7, Hydrolyzed Hyaluronic Acid.",1,1,1,1,1,water_fuse_hydro_sleep_mask,dr._jart,face_mask,dr._jart_water_fuse_hydro_sleep_mask,0.0,234.0,11882.0,4.4145,1.8,Moisturizers,26.67,1.89,1.97,"Glycerin;Dimethicone;Butylene Glycol;Propanediol;PEG/PPG-17/6 Copolymer;Niacinamide;Cyclopentasiloxane;Cetyl Ethylhexanoate;Cetearyl Olivate;Cyclohexasiloxane;Carbomer;Sorbitan Olivate;Ammonium Acryloyldimethyltaurate/VP Copolymer;Tromethamine;Dimethiconol;Xanthan Gum;Dimethicone/Vinyl Dimethicone Crosspolymer;Phenoxyethanol;Chlorphenesin;Ethylhexylglycerin;Caprylyl Glycol;Adenosine;Alcohol;Disodium EDTA;Melia Azadirachta Leaf Extract;Citrus Grandis (Grapefruit) Peel Oil;Melia Azadirachta Flower Extract;Amino Esters-1;Sodium Hyaluronate;Coccinia Indica Fruit Extract;Eucalyptus Globulus Leaf Oil;Solanum Melongena (Eggplant) Fruit Extract;Citrus Aurantium Dulcis (Orange) Peel Oil;Aloe Barbadensis Flower Extract;Lawsonia Inermis (Henna) Extract;Curcuma Longa (Turmeric) Root Extract;Citrus Paradisi (Grapefruit) Peel Oil;Corallina Officinalis Extract;Boswellia Carterii Oil;Pelargonium Graveolens Flower Oil;Ocimum Sanctum Leaf Extract;Amyris Balsamifera Bark Oil;Mineral Salts;Onsen-Sui;Maltodextrin;Hydrolyzed Vegetable Protein;1,2-Hexanediol;Sodium Glycerophosphate;Sodium Lactate;Potassium Magnesium Aspartate;Polysorbate 20;Calcium Gluconate;Magnesium Gluconate;Psidium Guajava Leaf Extract;Cinchona Succirubra Bark Extract;Aloe Barbadensis Leaf Extract;Abronia Villosa Leaf Extract;Rhodiola Rosea Root Extract;Palmitoyl Oligopeptide;Palmitoyl Tetrapeptide-7;Hydrolyzed Hyaluronic Acid,",0.0,234.0,11882.0,4.4145,1.8,Moisturizers,26.67,1.89,1.97,face mask,Medium (7k - 13k)
Face Mask,INDIE LEE,Clearing Mask,60,4.4,"Water, Bentonite, Zinc Oxide, Colloidal Sulfur, Propanediol, Glycolic Acid, Salicylic Acid, Hyaluronic Acid, Camphor, Cetyl Alcohol, Glyceryl Stearate, Chondrus Crispus Extract, Anthemis Nobilis Flower Extract, Titanium Dioxide, Limonene, Ethylhexylglycerin, Potassium Sorbate.",1,1,1,1,0,clearing_mask,indie_lee,face_mask,indie_lee_clearing_mask,,,,,,,,,,"Bentonite;Zinc Oxide;Colloidal Sulfur;Propanediol;Glycolic Acid;Salicylic Acid;Hyaluronic Acid;Camphor;Cetyl Alcohol;Glyceryl Stearate;Chondrus Crispus Extract;Anthemis Nobilis Flower Extract;Titanium Dioxide;Limonene;Ethylhexylglycerin;Potassium Sorbate,",,,,,,,,,,face mask,nan
Face Mask,DIOR,Hydra Life Jelly Sleeping Mask,69,4.4,Visit the Dior boutique,0,0,0,0,0,hydra_life_jelly_sleeping_mask,dior,face_mask,dior_hydra_life_jelly_sleeping_mask,,,,,,,,,,Visit the Dior boutique,,,,,,,,,,face mask,nan
Face Mask,SEPHORA COLLECTION,Sleeping Mask - Rose,4,4.3,"Water, Butylene Glycol, Glycerin, Betaine, Phenoxyethanol, Acrylates/C10-30 Alkyl Acrylate Crosspolymer, Caprylic/Capric Triglyceride, Dimethicone, Peg-40 Hydrogenated Castor Oil, Isononyl Isononanoate, Tremella Fuciformis (Mushroom) Extract, Sodium Hydroxide, Ethylhexylglycerin, Rosa Damascena Extract, Fragrance, Sodium Hyaluronate, CI 14700 (Red 4), CI 42090 (Blue 1).",0,0,0,0,0,sleeping_mask_rose,sephora_collection,face_mask,sephora_collection_sleeping_mask_rose,,,,,,,,,,"Butylene Glycol;Glycerin;Betaine;Phenoxyethanol;Acrylates/C10-30 Alkyl Acrylate Crosspolymer;Caprylic/Capric Triglyceride;Dimethicone;Peg-40 Hydrogenated Castor Oil;Isononyl Isononanoate;Tremella Fuciformis (Mushroom) Extract;Sodium Hydroxide;Ethylhexylglycerin;Rosa Damascena Extract;Fragrance;Sodium Hyaluronate;CI 14700 (Red 4);CI 42090 (Blue 1),",,,,,,,,,,face mask,nan
Face Mask,LANEIGE,Mini Pore Waterclay Mask,25,4.7,"Water, Sea Silt, Kaolin, Glycerin, Bentonite, Alcohol, Microcrystalline Cellulose, Mentha Piperita (Peppermint) Extract, Pinus Sylvestris Bud Extract, Phytosphingosine, Glyceryl Caprylate, Lecithin, Ceteareth-20, Cetyl Alcohol, Cellulose Gum, Stearyl Alcohol, Ethylhexylglycerin, Xanthan Gum ,Titanium Dioxide (CI 77891), Pentylene Glycol, Hydrogenated Polydecene, Disodium EDTA, Phenoxyethanol, Iron Oxides (CI 77499).",1,1,1,1,1,mini_pore_waterclay_mask,laneige,face_mask,laneige_mini_pore_waterclay_mask,,,,,,,,,,"Sea Silt;Kaolin;Glycerin;Bentonite;Alcohol;Microcrystalline Cellulose;Mentha Piperita (Peppermint) Extract;Pinus Sylvestris Bud Extract;Phytosphingosine;Glyceryl Caprylate;Lecithin;Ceteareth-20;Cetyl Alcohol;Cellulose Gum;Stearyl Alcohol;Ethylhexylglycerin;Xanthan Gum;Titanium Dioxide (CI 77891);Pentylene Glycol;Hydrogenated Polydecene;Disodium EDTA;Phenoxyethanol;Iron Oxides (CI 77499),",,,,,,,,,,face mask,nan
Face Mask,GLAMGLOW,INSTAMUD 60 Second Pore-Refining Treatment,42,4.1,"Water, Aloe Barbadensis Leaf Juice, Sodium C14-16 Olefin Sulfonate, Bentonite, Glycerin, Kaolin, Hamamelis Virginiana (Witch Hazel) Water, Caprylic/Capric Triglyceride, Ethyl Perfluorobutyl Ether, Sodium Cocoamphoacetate, Cocamidopropyl Betaine, Ethyl Perfluoroisobutyl Ether, Niacinamide, Sodium Hyaluronate, Avena Sativa (Oat) Kernel Extract, Pyrus Malus (Apple) Fruit Extract, Allantoin, Acetyl Glucosamine, Bisabolol, Dipotassium Glycyrrhizate, Ethylhexylglycerin, Menthol, Ppg-26-Buteth-26, Cocamidopropyl Hydroxysultaine, Sodium Chloride, Xanthan Gum, Butyl Methoxydibenzoylmethane, Ethylhexyl Salicylate, Ethylhexyl Methoxycinnamate, Pentylene Glycol, Citric Acid, Propanediol, Peg-40 Hydrogenated Castor Oil, BHT, Chlorphenesin, Phenoxyethanol, Potassium Sorbate, Titanium Dioxide (Ci 77891), Ext. Violet 2 (ci 60730).",1,1,1,1,1,instamud_60_second_pore_refining_treatment,glamglow,face_mask,glamglow_instamud_60_second_pore_refining_treatment,,,,,,,,,,"Aloe Barbadensis Leaf Juice;Sodium C14-16 Olefin Sulfonate;Bentonite;Glycerin;Kaolin;Hamamelis Virginiana (Witch Hazel) Water;Caprylic/Capric Triglyceride;Ethyl Perfluorobutyl Ether;Sodium Cocoamphoacetate;Cocamidopropyl Betaine;Ethyl Perfluoroisobutyl Ether;Niacinamide;Sodium Hyaluronate;Avena Sativa (Oat) Kernel Extract;Pyrus Malus (Apple) Fruit Extract;Allantoin;Acetyl Glucosamine;Bisabolol;Dipotassium Glycyrrhizate;Ethylhexylglycerin;Menthol;Ppg-26-Buteth-26;Cocamidopropyl Hydroxysultaine;Sodium Chloride;Xanthan Gum;Butyl Methoxydibenzoylmethane;Ethylhexyl Salicylate;Ethylhexyl Methoxycinnamate;Pentylene Glycol;Citric Acid;Propanediol;Peg-40 Hydrogenated Castor Oil;BHT;Chlorphenesin;Phenoxyethanol;Potassium Sorbate;Titanium Dioxide (Ci 77891);Ext, Violet 2 (ci 60730),",,,,,,,,,,face mask,nan
Face Mask,SEPHORA COLLECTION,SUPERMASK - The Silver Mask,6,4.8,"Water, Butylene Glycol, Glycerin, Betaine, Caulerpa Lentillifera Extract, 1,2-Hexanediol, Hydroxyacetophenone, PEG-40 Hydrogenated Castor Oil, Fragrance, Xanthan Gum, Sodium Carbomer, Sodium Hyaluronate, Citrus Reticulata (Tangerine) Peel Extract, Phenoxyethanol, Conchiolin Powder, Aphanothece Sacrum Polysaccharide, Sclerotium Gum.",1,1,1,1,0,supermask_the_silver_mask,sephora_collection,face_mask,sephora_collection_supermask_the_silver_mask,,,,,,,,,,"Butylene Glycol;Glycerin;Betaine;Caulerpa Lentillifera Extract;1,2-Hexanediol;Hydroxyacetophenone;PEG-40 Hydrogenated Castor Oil;Fragrance;Xanthan Gum;Sodium Carbomer;Sodium Hyaluronate;Citrus Reticulata (Tangerine) Peel Extract;Phenoxyethanol;Conchiolin Powder;Aphanothece Sacrum Polysaccharide;Sclerotium Gum,",,,,,,,,,,face mask,nan
Face Mask,SEPHORA COLLECTION,Sleeping Mask - Pearl,4,4.0,"Water, Butylene Glycol, Glycerin, Betaine, Phenoxyethanol, Acrylates/C10-30 Alkyl Acrylate Crosspolymer, Caprylic/Capric Triglyceride, Dimethicone, Peg-40 Hydrogenated Castor Oil, Isononyl Isononanoate, Tremella Fuciformis (Mushroom) Extract, Sodium Hydroxide, Rumex Occidentalis Extract, Ethylhexylglycerin, Ascorbic Acid, Fragrance, Sodium Hyaluronate, Conchiolin Powder, Xanthan Gum, CI 14700 (Red 4), CI 19140 (Yellow 5).",0,0,0,0,0,sleeping_mask_pearl,sephora_collection,face_mask,sephora_collection_sleeping_mask_pearl,,,,,,,,,,"Butylene Glycol;Glycerin;Betaine;Phenoxyethanol;Acrylates/C10-30 Alkyl Acrylate Crosspolymer;Caprylic/Capric Triglyceride;Dimethicone;Peg-40 Hydrogenated Castor Oil;Isononyl Isononanoate;Tremella Fuciformis (Mushroom) Extract;Sodium Hydroxide;Rumex Occidentalis Extract;Ethylhexylglycerin;Ascorbic Acid;Fragrance;Sodium Hyaluronate;Conchiolin Powder;Xanthan Gum;CI 14700 (Red 4);CI 19140 (Yellow 5),",,,,,,,,,,face mask,nan
Face Mask,FRESH,Vitamin Nectar Vitamin C Brightening Powder,40,4.2,"Packette 2: Oryza Sativa (Rice) Starch, Ascorbic Acid, Hydrated Silica.",0,0,0,0,0,vitamin_nectar_vitamin_c_brightening_powder,fresh,face_mask,fresh_vitamin_nectar_vitamin_c_brightening_powder,,,,,,,,,,"Packette 2: Oryza Sativa (Rice) Starch;Ascorbic Acid;Hydrated Silica,",,,,,,,,,,face mask,nan
Face Mask,DR. JART+,Clear Skin Lover Rubber Mask,12,4.2,"Water, Methylpropanediol, Chondrus Crispus Extract, Glycerin, 1,2-Hexanediol, Algin, Calcium Lactate, Butylene Glycol, Gelidium Cartilagineum Extract,Laminaria Japonica Extract, Enteromorpha Compressa Extract, Spirulina PlatensisExtract, Undaria Pinnatifida Extract, Dipotassium Glycyrrhizate, Panthenol,Allantoin, PEG-60 Hydrogenated Castor Oil, Titanium Dioxide, Polymethylsilsesquioxane,Peat Water, Potassium Sorbate, Acacia Senegal Gum, Hydroxypropyl Methylcellulose,Silica, Melaleuca Alternifolia (Tea Tree) Leaf Oil, Disodium EDTA, CeratoniaSiliqua Gum, Sucrose, Potassium Chloride, Xanthan Gum, Citric Acid, SodiumCitrate, Phenoxyethanol, Ethylhexylglycerin.",1,1,1,1,1,clear_skin_lover_rubber_mask,dr._jart,face_mask,dr._jart_clear_skin_lover_rubber_mask,,,,,,,,,,"Methylpropanediol;Chondrus Crispus Extract;Glycerin;1,2-Hexanediol;Algin;Calcium Lactate;Butylene Glycol;Gelidium Cartilagineum Extract;Laminaria Japonica Extract;Enteromorpha Compressa Extract;Spirulina PlatensisExtract;Undaria Pinnatifida Extract;Dipotassium Glycyrrhizate;Panthenol;Allantoin;PEG-60 Hydrogenated Castor Oil;Titanium Dioxide;Polymethylsilsesquioxane;Peat Water;Potassium Sorbate;Acacia Senegal Gum;Hydroxypropyl Methylcellulose;Silica;Melaleuca Alternifolia (Tea Tree) Leaf Oil;Disodium EDTA;CeratoniaSiliqua Gum;Sucrose;Potassium Chloride;Xanthan Gum;Citric Acid;SodiumCitrate;Phenoxyethanol;Ethylhexylglycerin,",,,,,,,,,,face mask,nan
Face Mask,ESTÉE LAUDER,Micro Essence Infusion Mask,72,4.6,"R2 Sheet Mask Division: El (Estee Lauder)Ingredients: Water , Butylene Glycol , Dimethicone , Squalane , Biosaccharide Gum - 1 , Pentylene Glycol , Hypnea Musciformis (Algae) Extract , Cucumis Sativus (Cucumber) Fruit Extract , Gellidiela Acerosa (Algae) Extract , Lactobacillus Ferment , Acetyl Hexapeptide-8 , Bifida Ferment Lysate , Caffeine , Sucrose , Sodium Hyaluronate , Acetyl Glucosamine , Hydrolyzed Yeast Protein , Trehalose , Algae Extract , Palmitoyl Oligopeptide , Anthemis Nobilis (Chamomile) , Sorbitol , Saccharide Isomerate , Carbomer , Glyceryl Polymethacrylate , Hydrogenated Lecithin , Tocopheryl Acetate , Peg-8 , Tromethamine , Sodium Chloride , Disodium Edta , Chlorphenesin , Phenoxyethanol",0,0,0,0,0,micro_essence_infusion_mask,estée_lauder,face_mask,estée_lauder_micro_essence_infusion_mask,,,,,,,,,,R2 Sheet Mask Division: El (Estee Lauder)Ingredients: Water;Butylene Glycol;Dimethicone;Squalane;Biosaccharide Gum - 1;Pentylene Glycol;Hypnea Musciformis (Algae) Extract;Cucumis Sativus (Cucumber) Fruit Extract;Gellidiela Acerosa (Algae) Extract;Lactobacillus Ferment;Acetyl Hexapeptide-8;Bifida Ferment Lysate;Caffeine;Sucrose;Sodium Hyaluronate;Acetyl Glucosamine;Hydrolyzed Yeast Protein;Trehalose;Algae Extract;Palmitoyl Oligopeptide;Anthemis Nobilis (Chamomile);Sorbitol;Saccharide Isomerate;Carbomer;Glyceryl Polymethacrylate;Hydrogenated Lecithin;Tocopheryl Acetate;Peg-8;Tromethamine;Sodium Chloride;Disodium Edta;Chlorphenesin;Phenoxyethanol,,,,,,,,,,face mask,nan
Face Mask,DR. JART+,Dermask Water Jet Soothing Hydra Solution™,6,4.1,"Water, Glycerin, Butylene Glycol, Alcohol, Panthenol, Betaine, Xylitylglucoside, Anhydroxylitol, Xylitol, Aloe Barbadensis Leaf Extract, Bambusa Vulgaris Extract, Pinus Densiflora Leaf Extract, Thuja Orientalis Extract, Chamaecyparis Obtusa Leaf Extract, Chlorphenesin, Hydroxyethylcellulose, Disodium EDTA, Xanthan Gum, PEG-60 Hydrogenated Castor Oil, Glycyrrhiza Glabra (Licorice) Root Extract, Zingiber Officinale (Ginger) Root Extract, Schizandra Chinensis Fruit Extract, Coptis Japonica Root Extract, Camellia Sinensis Leaf Extract, Caprylyl Glycol, 1,2-Hexanediol, Dipotassium Glycyrrhizate, Hydroxyethyl Acrylate/Sodium, Acryloyldimethyl Taurate Copolymer, Carbomer, Arginine, Citrus Grandis (Grapefruit) Seed Extract, Acorus Calamus Root Extract, Perilla Ocymoides Leaf Extract, Cyclopentasiloxane, Cyclohexasiloxane, PEG-10 Dimethicone/Vinyl Dimethicone Crosspolymer, Polyglutamic Acid, Methylpropanediol, Phenoxyethanol, Thymus Vulgaris (Thyme) Flower/Leaf Oil.",1,1,1,1,1,dermask_water_jet_soothing_hydra_solution,dr._jart,face_mask,dr._jart_dermask_water_jet_soothing_hydra_solution,,,,,,,,,,"Glycerin;Butylene Glycol;Alcohol;Panthenol;Betaine;Xylitylglucoside;Anhydroxylitol;Xylitol;Aloe Barbadensis Leaf Extract;Bambusa Vulgaris Extract;Pinus Densiflora Leaf Extract;Thuja Orientalis Extract;Chamaecyparis Obtusa Leaf Extract;Chlorphenesin;Hydroxyethylcellulose;Disodium EDTA;Xanthan Gum;PEG-60 Hydrogenated Castor Oil;Glycyrrhiza Glabra (Licorice) Root Extract;Zingiber Officinale (Ginger) Root Extract;Schizandra Chinensis Fruit Extract;Coptis Japonica Root Extract;Camellia Sinensis Leaf Extract;Caprylyl Glycol;1,2-Hexanediol;Dipotassium Glycyrrhizate;Hydroxyethyl Acrylate/Sodium;Acryloyldimethyl Taurate Copolymer;Carbomer;Arginine;Citrus Grandis (Grapefruit) Seed Extract;Acorus Calamus Root Extract;Perilla Ocymoides Leaf Extract;Cyclopentasiloxane;Cyclohexasiloxane;PEG-10 Dimethicone/Vinyl Dimethicone Crosspolymer;Polyglutamic Acid;Methylpropanediol;Phenoxyethanol;Thymus Vulgaris (Thyme) Flower/Leaf Oil,",,,,,,,,,,face mask,nan
Face Mask,LA MER,Treatment Lotion Hydrating Mask,150,4.1,"Water, Algae (Seaweed) Extract, Glycerin, Methyl Gluceth-20, Bis-Peg-18 Methyl EtherDimethyl Silane, Butylene Glycol, Hypnea Musciformis (Algae) Extract, Sucrose, Propanediol, Sesamum Indicum (Sesame) Seed Oil, Medicago Sativa (Alfalfa) Seed Powder, Helianthus Annuus (Sunflower) Seedcake, Prunus Amygdalus Dulcis (Sweet Almond) Seed Meal, Eucalyptus Globulus (Eucalyptus) Leaf Oil, Sodium Gluconate, Copper Gluconate, Calcium Gluconate, Magnesium Gluconate, Zinc Gluconate, Tocopheryl Succinate, Niacin, Sesamum Indicum (Sesame) Seed Powder, Citrus Aurantifolia (Lime) Peel Extract, Glycine Soja (Soybean) Seed Extract, Acetyl Hexapeptide-8, Acetyl Dipeptide-1 Cetyl Ester, Sea Salt\Maris Sal\Sel Marin, Codium Tomentosum Extract, Gelidiella Acerosa Extract, Caffeine, Laminaria Saccharina Extract, Alcaligenes Polysaccharides, Dipotassium Glycyrrhizate, Glycereth-26, Laminaria Digitata Extract, PlanktonExtract, Glycosaminoglycans, Palmaria Palmata Extract, Peg-8, Ethylhexylglycerin, Sodium Pca, Urea, Ppg-5-Ceteth-20, Jojoba Wax Peg-120 Esters, Polysorbate 20, Carbomer, Yeast Extract\Faex\Extrait De Levure, Sodium Hyaluronate, Xanthan Gum, Pentylene Glycol, Trehalose, Laureth-3, Hydrolyzed Yeast Protein, Hydroxyethylcellulose, Caprylyl Glycol, Fragrance, Tourmaline, Hydroxypropyl Cyclodextrin, Glycine Soja (Soybean) Protein, Alcohol Denat., Sodium Hydroxide, Lecithin, Polyquaternium-51, Disodium Edta, Citronellol, Geraniol, Hydroxycitronellal, Linalool, Limonene, Potassium Sorbate, Chlorphenesin, Phenoxyethanol.",1,1,1,1,1,treatment_lotion_hydrating_mask,la_mer,face_mask,la_mer_treatment_lotion_hydrating_mask,,,,,,,,,,"Algae (Seaweed) Extract;Glycerin;Methyl Gluceth-20;Bis-Peg-18 Methyl EtherDimethyl Silane;Butylene Glycol;Hypnea Musciformis (Algae) Extract;Sucrose;Propanediol;Sesamum Indicum (Sesame) Seed Oil;Medicago Sativa (Alfalfa) Seed Powder;Helianthus Annuus (Sunflower) Seedcake;Prunus Amygdalus Dulcis (Sweet Almond) Seed Meal;Eucalyptus Globulus (Eucalyptus) Leaf Oil;Sodium Gluconate;Copper Gluconate;Calcium Gluconate;Magnesium Gluconate;Zinc Gluconate;Tocopheryl Succinate;Niacin;Sesamum Indicum (Sesame) Seed Powder;Citrus Aurantifolia (Lime) Peel Extract;Glycine Soja (Soybean) Seed Extract;Acetyl Hexapeptide-8;Acetyl Dipeptide-1 Cetyl Ester;Sea Salt\Maris Sal\Sel Marin;Codium Tomentosum Extract;Gelidiella Acerosa Extract;Caffeine;Laminaria Saccharina Extract;Alcaligenes Polysaccharides;Dipotassium Glycyrrhizate;Glycereth-26;Laminaria Digitata Extract;PlanktonExtract;Glycosaminoglycans;Palmaria Palmata Extract;Peg-8;Ethylhexylglycerin;Sodium Pca;Urea;Ppg-5-Ceteth-20;Jojoba Wax Peg-120 Esters;Polysorbate 20;Carbomer;Yeast Extract\Faex\Extrait De Levure;Sodium Hyaluronate;Xanthan Gum;Pentylene Glycol;Trehalose;Laureth-3;Hydrolyzed Yeast Protein;Hydroxyethylcellulose;Caprylyl Glycol;Fragrance;Tourmaline;Hydroxypropyl Cyclodextrin;Glycine Soja (Soybean) Protein;Alcohol Denat,;Sodium Hydroxide;Lecithin;Polyquaternium-51;Disodium Edta;Citronellol;Geraniol;Hydroxycitronellal;Linalool;Limonene;Potassium Sorbate;Chlorphenesin;Phenoxyethanol,",,,,,,,,,,face mask,nan
Face Mask,FOREO,Call It A Night Revitalizing & Nourishing UFO™ Activated Mask,9,4.7,-Ginseng -Olive Oil,1,1,1,1,1,call_it_a_night_revitalizing_nourishing_ufo_activated_mask,foreo,face_mask,foreo_call_it_a_night_revitalizing_nourishing_ufo_activated_mask,,,,,,,,,,-Ginseng -Olive Oil,,,,,,,,,,face mask,nan
Face Mask,DR. JART+,Ceramidin™ Facial Mask,6,4.6,"Water, Butylene Glycol, Glycerin, Propanediol, 1,2-Hexanediol, Helianthus Annuus (Sunflower) Seed Oil, Pelargonium Graveolens Flower Oil, Salvia Officinalis (Sage) Oil, Citrus Aurantium Bergamia (Bergamot) Fruit Oil, Sodium Hyaluronate, Pogostemon Cablin Oil, Bixa Orellana Seed Oil, Honey Extract, Ceramide NP (Ceramide 3), Xylityglucoside, Anhydroxylitol, Panthenol, Hydrolyzed Hyaluronic Acid, Hyaluronic Acid, Hydrolyzed Glycosaminoglycans, Carylic/Capric Triglyceride, C12-16 Alcohols, Butylene Glycol Dicaprylate/Dicaprate, Allantoin, Xylitol, Arginine, Carbomer, Hydrogenated Lecithin, Sodium Stearoyl Glutamate, Palmitic Acid, Ethylhexylglycerin, Xanthan Gum, Disodium EDTA, Dextrin, Glycine Soja (Soybean) Oil, Glucose, Caramel, Glyceryl Acrylate/Acrylic Acid Copolymer, Tocopherol, Sodium Hyaluronate Crosspolymer, Hydroxypropl Methylcellulose, Calcium Carbonate.",1,1,1,0,1,ceramidin_facial_mask,dr._jart,face_mask,dr._jart_ceramidin_facial_mask,,,,,,,,,,"Butylene Glycol;Glycerin;Propanediol;1,2-Hexanediol;Helianthus Annuus (Sunflower) Seed Oil;Pelargonium Graveolens Flower Oil;Salvia Officinalis (Sage) Oil;Citrus Aurantium Bergamia (Bergamot) Fruit Oil;Sodium Hyaluronate;Pogostemon Cablin Oil;Bixa Orellana Seed Oil;Honey Extract;Ceramide NP (Ceramide 3);Xylityglucoside;Anhydroxylitol;Panthenol;Hydrolyzed Hyaluronic Acid;Hyaluronic Acid;Hydrolyzed Glycosaminoglycans;Carylic/Capric Triglyceride;C12-16 Alcohols;Butylene Glycol Dicaprylate/Dicaprate;Allantoin;Xylitol;Arginine;Carbomer;Hydrogenated Lecithin;Sodium Stearoyl Glutamate;Palmitic Acid;Ethylhexylglycerin;Xanthan Gum;Disodium EDTA;Dextrin;Glycine Soja (Soybean) Oil;Glucose;Caramel;Glyceryl Acrylate/Acrylic Acid Copolymer;Tocopherol;Sodium Hyaluronate Crosspolymer;Hydroxypropl Methylcellulose;Calcium Carbonate,",,,,,,,,,,face mask,nan
Face Mask,DIOR,Hydra Life Glow Better Fresh Jelly Mask,69,4.3,"-AHAs (From Bluberry, Sugar Cane, Orange, Lemon, Sugar Maple): Provide gentle chemical exfoliation for a smoother, more radiant-looking complexion. -Apricot Seed Powder: Provides gentle physical exfoliation.",1,0,1,0,0,hydra_life_glow_better_fresh_jelly_mask,dior,face_mask,dior_hydra_life_glow_better_fresh_jelly_mask,,,,,,,,,,"-AHAs (From Bluberry;Sugar Cane;Orange;Lemon;Sugar Maple): Provide gentle chemical exfoliation for a smoother;more radiant-looking complexion, -Apricot Seed Powder: Provides gentle physical exfoliation,",,,,,,,,,,face mask,nan
Face Mask,BOSCIA,MATCHA Magic Super-Antioxidant Mask,38,4.5,"Water, Glycerin, Montmorillonite, Kaolin, Polysorbate 20, Argania Spinosa Kernel Oil, 1,2-Hexanediol, Caprylyl Glycol, Bukachiol, Xanthan Gum, Polyacrylamide, C13-14 Isoparaffin, Citric Acid, Sesamum Indicum (Sesame) Seed Oil, Salix Nigra (Willow) Bark Extract, Laureth-7, Beta-Sitosterol, Serenoa Serrulata Fruit Extract, Triethoxycaprylylsilane, Tocopherol, Butylene Glycol, Lavandula Angustifolia (Lavender), Pelargonium Graveolens Flower Oil, Simmondsia Chinensis (Jojoba) Seed Extract, Epilobium Angustifolium Flower/Leaf Stem Extract, Eugenia Caryophyllus (Clove) Leaf, Camellia Sinensis (White Tea) Leaf Extract, Chromium Oxide Greens (CI 77288), Titanium Dioxide (CI 77891), Iron Oxides (CI 77492, 77499).",1,1,1,1,1,matcha_magic_super_antioxidant_mask,boscia,face_mask,boscia_matcha_magic_super_antioxidant_mask,,,,,,,,,,"Glycerin;Montmorillonite;Kaolin;Polysorbate 20;Argania Spinosa Kernel Oil;1,2-Hexanediol;Caprylyl Glycol;Bukachiol;Xanthan Gum;Polyacrylamide;C13-14 Isoparaffin;Citric Acid;Sesamum Indicum (Sesame) Seed Oil;Salix Nigra (Willow) Bark Extract;Laureth-7;Beta-Sitosterol;Serenoa Serrulata Fruit Extract;Triethoxycaprylylsilane;Tocopherol;Butylene Glycol;Lavandula Angustifolia (Lavender);Pelargonium Graveolens Flower Oil;Simmondsia Chinensis (Jojoba) Seed Extract;Epilobium Angustifolium Flower/Leaf Stem Extract;Eugenia Caryophyllus (Clove) Leaf;Camellia Sinensis (White Tea) Leaf Extract;Chromium Oxide Greens (CI 77288);Titanium Dioxide (CI 77891);Iron Oxides (CI 77492;77499),",,,,,,,,,,face mask,nan
Face Mask,EVE LOM,Moisture Mask,90,3.8,"Water, Glycerin, Cyclopentasiloxane, Dimethicone, Dimethicone/Vinyl Dimethicone Crosspolymer, C9-12 Alkane, Glyceryl Polyacrylate, Acrylates Copolymer, Propanediol, Phenoxyethanol, Polyglyceryl-3 Oleate, Sodium Hydroxide, Coco-Caprylate/Caprate, Sodium PCA, Tocopherol, Urea, Ethylhexylglycerin, Polymethylsilsesquioxane, Sodium Hyaluronate, Potassium Sorbate, Trehalose, Lecithin, Avena Strigosa Seed Extract, Leuconostoc/Radish Root Ferment Filtrate, Polyquaternium-51, 1,2-Hexanediol, Hydroxypropyl Bispalmitamide MEA, Phytic Acid.",1,1,1,1,1,moisture_mask,eve_lom,face_mask,eve_lom_moisture_mask,,,,,,,,,,"Glycerin;Cyclopentasiloxane;Dimethicone;Dimethicone/Vinyl Dimethicone Crosspolymer;C9-12 Alkane;Glyceryl Polyacrylate;Acrylates Copolymer;Propanediol;Phenoxyethanol;Polyglyceryl-3 Oleate;Sodium Hydroxide;Coco-Caprylate/Caprate;Sodium PCA;Tocopherol;Urea;Ethylhexylglycerin;Polymethylsilsesquioxane;Sodium Hyaluronate;Potassium Sorbate;Trehalose;Lecithin;Avena Strigosa Seed Extract;Leuconostoc/Radish Root Ferment Filtrate;Polyquaternium-51;1,2-Hexanediol;Hydroxypropyl Bispalmitamide MEA;Phytic Acid,",,,,,,,,,,face mask,nan
Face Mask,PETER THOMAS ROTH,Rose Stem Cell Bio-Repair Gel Mask,52,4.1,"Water, Butylene Glycol, Propanediol, Peg-40 Hydrogenated Castor Oil, Trideceth-9, Triethanolmaine, Carbomer, Rosa Centifolia Leaf Cell Extract, Rosa Alba Leaf Cell Extract, Rosa Damascena Leaf Cell Extract, Rosa Canina Fruit Extract, Rosa Damascena Flower Oil, Rosa Canina Fruit Oil, Rose Centifolia Flower Water, Commiphora Myrrha Leaf Cell Extract, Adenium Obesum Leaf Cell Extract, Leuconostoc/Radish Root Ferment Filtrate, Glycerin, Allantoin, Aloe Barbadensis Leaf Juice, BHT, Sodium PCA, Propylene Glycol, Ethylhexylglycerin, PPG-26 Buteth-26, Ethylhexyl Salicylate, Butyl Methoxydibenzoylimethane, Ethylhexyl Methoxycinnamate, Disodium EDTA, Potassium Sorbate, Red 33 (Ci 17200).",1,1,1,1,1,rose_stem_cell_bio_repair_gel_mask,peter_thomas_roth,face_mask,peter_thomas_roth_rose_stem_cell_bio_repair_gel_mask,,,,,,,,,,"Butylene Glycol;Propanediol;Peg-40 Hydrogenated Castor Oil;Trideceth-9;Triethanolmaine;Carbomer;Rosa Centifolia Leaf Cell Extract;Rosa Alba Leaf Cell Extract;Rosa Damascena Leaf Cell Extract;Rosa Canina Fruit Extract;Rosa Damascena Flower Oil;Rosa Canina Fruit Oil;Rose Centifolia Flower Water;Commiphora Myrrha Leaf Cell Extract;Adenium Obesum Leaf Cell Extract;Leuconostoc/Radish Root Ferment Filtrate;Glycerin;Allantoin;Aloe Barbadensis Leaf Juice;BHT;Sodium PCA;Propylene Glycol;Ethylhexylglycerin;PPG-26 Buteth-26;Ethylhexyl Salicylate;Butyl Methoxydibenzoylimethane;Ethylhexyl Methoxycinnamate;Disodium EDTA;Potassium Sorbate;Red 33 (Ci 17200),",,,,,,,,,,face mask,nan
Face Mask,KORRES,Pomegranate AHA & Enzymes Resurfacing Mask,34,4.4,"Water, Glycerin, Jojoba Esters, Alcohol Denat., Glycolic Acid, Distarch Phosphate, Kaolin, Punica Granatum Seed Powder, Simmondsia Chinensis (Jojoba) Seed Oil, Isononyl Isononanoate, Oryza Sativa (Rice) Bran Oil, Pentylene Glycol, Cetearyl Alcohol, Glyceryl Stearate Citrate, Helianthus Annuus (Sunflower) Seed Wax, Sodium Hydroxide, Salix Alba (Willow) Bark Extract, Caprylyl Glycol, Citrus Aurantifolia (Lime) Fruit Extract, Glyceryl Caprylate, Hamamelis Virginiana (Witch Hazel) Leaf Extract, Lactic Acid, Lactobacillus/Punica Granatum Fruit Ferment Extract, Leuconostoc/Radish Root Ferment Filtrate, Panthenol, Parfum/Fragrance, Phenoxyethanol, Potassium Sorbate, Sodium Benzoate, Sodium Polyacrylate, Tetrasodium Glutamate Diacetate, Xanthan Gum.",1,0,1,1,0,pomegranate_aha_enzymes_resurfacing_mask,korres,face_mask,korres_pomegranate_aha_enzymes_resurfacing_mask,,,,,,,,,,"Glycerin;Jojoba Esters;Alcohol Denat,;Glycolic Acid;Distarch Phosphate;Kaolin;Punica Granatum Seed Powder;Simmondsia Chinensis (Jojoba) Seed Oil;Isononyl Isononanoate;Oryza Sativa (Rice) Bran Oil;Pentylene Glycol;Cetearyl Alcohol;Glyceryl Stearate Citrate;Helianthus Annuus (Sunflower) Seed Wax;Sodium Hydroxide;Salix Alba (Willow) Bark Extract;Caprylyl Glycol;Citrus Aurantifolia (Lime) Fruit Extract;Glyceryl Caprylate;Hamamelis Virginiana (Witch Hazel) Leaf Extract;Lactic Acid;Lactobacillus/Punica Granatum Fruit Ferment Extract;Leuconostoc/Radish Root Ferment Filtrate;Panthenol;Parfum/Fragrance;Phenoxyethanol;Potassium Sorbate;Sodium Benzoate;Sodium Polyacrylate;Tetrasodium Glutamate Diacetate;Xanthan Gum,",,,,,,,,,,face mask,nan
Face Mask,ESTÉE LAUDER,Advanced Night Repair Concentrated Recovery Eye Mask,46,3.3,"Advanced Night Rpr Cnc Rcvr Eyemsk Division: El (Estee Lauder)Ingredients: Water , Methyl Gluceth-20 , Peg-75 , Bis-Peg-18 Methyl Ether Dimethyl Silane , Butylene Glycol , Propanediol , Glycereth-26 , Cladosiphon Okamuranus Extract , Silybum Marianum (Lady'S Thistle) Extract , Echinacea Purpurea (Coneflower) Extract , Garcinia Mangostana Peel Extract , Anthemis Nobilis (Chamomile) Flower Extract , Caffeine , Coffea Arabica (Coffee) Seed Extract , Artemia Extract , Betula Alba (Birch) Extract , Poria Cocos Sclerotium Extract , Hydrolyzed Rice Extract , Camelina Sativa Seed Oil , Algae Extract , Lactobacillus Ferment , Hydrolyzed Algin , Squalane , C12-15 Alkyl Benzoate , Yeast Extract/Faex/Extrait De Levure , Caprylyl Glycol , Tocopheryl Acetate , Peg-8 Glyceryl Isostearate , Polysorbate 20 , Glycine , Carbomer , Sodium Hyaluronate , Dextrin , Xanthan Gum , Sodium Hydroxide , Lecithin , Triethoxycaprylylsilane , Polyhydroxystearic Acid , Trisodium Edta , Phenoxyethanol , Iron Oxides (Ci 77491)",1,1,1,1,0,advanced_night_repair_concentrated_recovery_eye_mask,estée_lauder,face_mask,estée_lauder_advanced_night_repair_concentrated_recovery_eye_mask,,,,,,,,,,Advanced Night Rpr Cnc Rcvr Eyemsk Division: El (Estee Lauder)Ingredients: Water;Methyl Gluceth-20;Peg-75;Bis-Peg-18 Methyl Ether Dimethyl Silane;Butylene Glycol;Propanediol;Glycereth-26;Cladosiphon Okamuranus Extract;Silybum Marianum (Lady'S Thistle) Extract;Echinacea Purpurea (Coneflower) Extract;Garcinia Mangostana Peel Extract;Anthemis Nobilis (Chamomile) Flower Extract;Caffeine;Coffea Arabica (Coffee) Seed Extract;Artemia Extract;Betula Alba (Birch) Extract;Poria Cocos Sclerotium Extract;Hydrolyzed Rice Extract;Camelina Sativa Seed Oil;Algae Extract;Lactobacillus Ferment;Hydrolyzed Algin;Squalane;C12-15 Alkyl Benzoate;Yeast Extract/Faex/Extrait De Levure;Caprylyl Glycol;Tocopheryl Acetate;Peg-8 Glyceryl Isostearate;Polysorbate 20;Glycine;Carbomer;Sodium Hyaluronate;Dextrin;Xanthan Gum;Sodium Hydroxide;Lecithin;Triethoxycaprylylsilane;Polyhydroxystearic Acid;Trisodium Edta;Phenoxyethanol;Iron Oxides (Ci 77491),0.0,5.0,5531.0,3.4,,Eye Care,,68.0,0.09,face mask,nan
Face Mask,CAUDALIE,Moisturizing Mask,39,4.3,"Water, Glycerin*, Isononyl Isononanoate, Vitis Vinifera (Grape) Seed Oil*, Sorbitan Stearate*, Peg-100 Stearate*, Glyceryl Stearate*, Ceteth-20*, Hydroxyethyl Acrylate/Sodium Acryloyldimethyl Taurate Copolymer, Squalane*, Cetyl Alcohol*, Cetyl Palmitate*, Dimethicone, Butylene Glycol*, Ci 77891 (Titanium Dioxide), Sodium Dehydroacetate, Caprylyl Glycol, Polysorbate 60*, Parfum (Fragrance), Tocopherol*, Carbomer, Sodium Phytate*, Sodium Hydroxide, Scutellaria Baicalensis Root Extract*, Acrylates/C10-30 Alkyl Acrylate Crosspolymer, Sodium Carboxymethyl Beta-Glucan, Sodium Hyaluronate, Hexyl Cinnamal, Linalool, Limonene, Benzyl Benzoate, Citronellol. *Plant origin.",1,1,1,0,1,moisturizing_mask,caudalie,face_mask,caudalie_moisturizing_mask,,,,,,,,,,"Glycerin*;Isononyl Isononanoate;Vitis Vinifera (Grape) Seed Oil*;Sorbitan Stearate*;Peg-100 Stearate*;Glyceryl Stearate*;Ceteth-20*;Hydroxyethyl Acrylate/Sodium Acryloyldimethyl Taurate Copolymer;Squalane*;Cetyl Alcohol*;Cetyl Palmitate*;Dimethicone;Butylene Glycol*;Ci 77891 (Titanium Dioxide);Sodium Dehydroacetate;Caprylyl Glycol;Polysorbate 60*;Parfum (Fragrance);Tocopherol*;Carbomer;Sodium Phytate*;Sodium Hydroxide;Scutellaria Baicalensis Root Extract*;Acrylates/C10-30 Alkyl Acrylate Crosspolymer;Sodium Carboxymethyl Beta-Glucan;Sodium Hyaluronate;Hexyl Cinnamal;Linalool;Limonene;Benzyl Benzoate;Citronellol, *Plant origin,",,,,,,,,,,face mask,nan
Face Mask,DR. JART+,Dermask Micro Jet Clearing Solution™,9,4.4,"Glycerin, Niacinamide, Glycereth-26, Sodium Hyaluronate, Calcium Pantothenate, Sodium Ascorbyl Phosphate, Tocopheryl Acetate, Pyridoxine HCl, Maltodextrin, Sodium Starch Octenylsuccinate, Silica, Trehalose, Hydroxyethyl Urea, Betaine, Erythritol, Glutathione, PEG/PPG-17/6 Copolymer, Butylene Glycol, PEG-14M, Allantoin, Xanthan Gum, Melaleuca Alternifolia (Tea Tree) Leaf Oil, Salicylic Acid, Disodium EDTA, Carbomer, Triethanolamine, PEG-60 Hydrogenated Castor Oil, Ethylhexylglycerin, Phenoxyethanol.",1,1,1,1,1,dermask_micro_jet_clearing_solution,dr._jart,face_mask,dr._jart_dermask_micro_jet_clearing_solution,,,,,,,,,,"Glycerin;Niacinamide;Glycereth-26;Sodium Hyaluronate;Calcium Pantothenate;Sodium Ascorbyl Phosphate;Tocopheryl Acetate;Pyridoxine HCl;Maltodextrin;Sodium Starch Octenylsuccinate;Silica;Trehalose;Hydroxyethyl Urea;Betaine;Erythritol;Glutathione;PEG/PPG-17/6 Copolymer;Butylene Glycol;PEG-14M;Allantoin;Xanthan Gum;Melaleuca Alternifolia (Tea Tree) Leaf Oil;Salicylic Acid;Disodium EDTA;Carbomer;Triethanolamine;PEG-60 Hydrogenated Castor Oil;Ethylhexylglycerin;Phenoxyethanol,",,,,,,,,,,face mask,nan
Face Mask,ORIGINS,Plantscription™ Powerful Lifting Overnight Mask,63,4.5,"Water, Dimethicone, Isododecane, Glycerin, Bis-Peg-18 Methyl Ether Dimethyl Silane, Peg-10 Dimethicone, Butylene Glycol, Pentylene Glycol, Disteardimonium Hectorite, Rosa Damascena Flower Oil*, Lavandula Angustifolia (Lavender) Oil*, Pelargonium Graveolens Flower Oil*, Illicium Verum (Anise) Fruit/Seed Oil*, Citrus Aurantium Bergamia (Bergamot) Fruit Oil*, Carthamus Tinctorius (Safflower) Seed Oil*, Myristica Fragrans (Nutmeg) Kernel Oil*, Citrus Aurantium Dulcis (Orange) Peel Oil*, Citrus Nobilis (Mandarin Orange) Peel Oil*, Citrus Limon (Lemon) Peel Oil*, Litsea Cubeba Fruit Oil*, Hibiscus Abelmoschus Extract, Geraniol, Linalool, Citronellol, Limonene, Citral, Commiphora Mukul Resin Extract, Peucedanum Graveolens (Dill) Extract, Bambusa Vulgaris (Bamboo) Extract, Sucrose**, Rubus Idaeus (Raspberry) Leaf Extract, Helianthus Annuus (Sunflower) Seed Extract, Triticum Vulgare (Wheat) Germ Extract, Prunus Amygdalus Dulcis (Sweet Almond) Seed Extract, Pisum Sativum (Pea) Extract, Algae Extract, Hordeum Vulgare (Barley) Extract/Extrait D'Orge, Anogeissus Leiocarpus Bark Extract, Porphyridium Cruentum Extract, Sigesbeckia Orientalis (St. Paul'S Wort) Extract, Caffeine, Acetyl Hexapeptide-8, Sorbitol, Laminaria Digitata Extract, Sodium Hyaluronate, Pullulan, Tocopheryl Acetate, Glucosamine Hcl, Squalane, Caprylic/Capric Triglyceride, Hydroxypropyl Methylcellulose, Polysilicone-11, Propylene Carbonate, Polyethylene, Peg-6, Peg-32, Citric Acid, Sodium Citrate, Sodium Dehydroacetate, Disodium Edta, Bht, Phenoxyethanol * Essential Oil** Organic Sucrose (Brown Sugar) Please be aware that ingredient lists may change or vary from time to time.� Please refer to the ingredient list on the product package you receive for the most up to date list of ingredients.",0,0,0,0,0,plantscription_powerful_lifting_overnight_mask,origins,face_mask,origins_plantscription_powerful_lifting_overnight_mask,,,,,,,,,,"Dimethicone;Isododecane;Glycerin;Bis-Peg-18 Methyl Ether Dimethyl Silane;Peg-10 Dimethicone;Butylene Glycol;Pentylene Glycol;Disteardimonium Hectorite;Rosa Damascena Flower Oil*;Lavandula Angustifolia (Lavender) Oil*;Pelargonium Graveolens Flower Oil*;Illicium Verum (Anise) Fruit/Seed Oil*;Citrus Aurantium Bergamia (Bergamot) Fruit Oil*;Carthamus Tinctorius (Safflower) Seed Oil*;Myristica Fragrans (Nutmeg) Kernel Oil*;Citrus Aurantium Dulcis (Orange) Peel Oil*;Citrus Nobilis (Mandarin Orange) Peel Oil*;Citrus Limon (Lemon) Peel Oil*;Litsea Cubeba Fruit Oil*;Hibiscus Abelmoschus Extract;Geraniol;Linalool;Citronellol;Limonene;Citral;Commiphora Mukul Resin Extract;Peucedanum Graveolens (Dill) Extract;Bambusa Vulgaris (Bamboo) Extract;Sucrose**;Rubus Idaeus (Raspberry) Leaf Extract;Helianthus Annuus (Sunflower) Seed Extract;Triticum Vulgare (Wheat) Germ Extract;Prunus Amygdalus Dulcis (Sweet Almond) Seed Extract;Pisum Sativum (Pea) Extract;Algae Extract;Hordeum Vulgare (Barley) Extract/Extrait D'Orge;Anogeissus Leiocarpus Bark Extract;Porphyridium Cruentum Extract;Sigesbeckia Orientalis (St, Paul'S Wort) Extract;Caffeine;Acetyl Hexapeptide-8;Sorbitol;Laminaria Digitata Extract;Sodium Hyaluronate;Pullulan;Tocopheryl Acetate;Glucosamine Hcl;Squalane;Caprylic/Capric Triglyceride;Hydroxypropyl Methylcellulose;Polysilicone-11;Propylene Carbonate;Polyethylene;Peg-6;Peg-32;Citric Acid;Sodium Citrate;Sodium Dehydroacetate;Disodium Edta;Bht;Phenoxyethanol * Essential Oil** Organic Sucrose (Brown Sugar) Please be aware that ingredient lists may change or vary from time to time,� Please refer to the ingredient list on the product package you receive for the most up to date list of ingredients,",1.0,13.0,4368.0,4.5385,2.5,,25.2,34.91,0.3,face mask,nan
Face Mask,SEPHORA COLLECTION,Face Mask - Algae - Detoxifying,6,4.3,"Water, Butylene Glycol, Glycerin, Betaine, Caulerpa Lentillifera Extract, 1,2-Hexanediol, Hydroxyacetophenone, Xanthan Gum, Lecithin, Salix Alba (Willow) Bark Extract, Parfum (Fragrance), Phenoxyethanol, Bakuchiol, Magnolia Officinalis Flower Extract, Fucus Vesiculosus Extract, Limonene, Porphyra Umbilicalis Extract, Sodium Benzoate, Citric Acid, Potassium Sorbate, Sodium Lactate.",1,1,1,1,1,face_mask_algae_detoxifying,sephora_collection,face_mask,sephora_collection_face_mask_algae_detoxifying,,,,,,,,,,"Butylene Glycol;Glycerin;Betaine;Caulerpa Lentillifera Extract;1,2-Hexanediol;Hydroxyacetophenone;Xanthan Gum;Lecithin;Salix Alba (Willow) Bark Extract;Parfum (Fragrance);Phenoxyethanol;Bakuchiol;Magnolia Officinalis Flower Extract;Fucus Vesiculosus Extract;Limonene;Porphyra Umbilicalis Extract;Sodium Benzoate;Citric Acid;Potassium Sorbate;Sodium Lactate,",,,,,,,,,,face mask,nan
Face Mask,SEPHORA COLLECTION,Face Mask - Grape - Anti-pollution,6,5.0,"Water, Butylene Glycol, Glycerin, Betaine, Aloe Barbadensis Leaf Juice, 1,2-Hexanediol, Hydroxyacetophenone, Xanthan Gum, Sargassum Muticum Extract, Moringa Pterygosperma Seed Extract, Parfum (Fragrance), Phenoxyethanol, Leuconostoc/Radish Root Ferment Filtrate, Vitis Vinifera (Grape) Fruit Extract, Citric Acid, Potassium Sorbate, Sodium Benzoate, Vitis Vinifera (Grape) Leaf Extract.",1,1,1,1,1,face_mask_grape_anti_pollution,sephora_collection,face_mask,sephora_collection_face_mask_grape_anti_pollution,,,,,,,,,,"Butylene Glycol;Glycerin;Betaine;Aloe Barbadensis Leaf Juice;1,2-Hexanediol;Hydroxyacetophenone;Xanthan Gum;Sargassum Muticum Extract;Moringa Pterygosperma Seed Extract;Parfum (Fragrance);Phenoxyethanol;Leuconostoc/Radish Root Ferment Filtrate;Vitis Vinifera (Grape) Fruit Extract;Citric Acid;Potassium Sorbate;Sodium Benzoate;Vitis Vinifera (Grape) Leaf Extract,",,,,,,,,,,face mask,nan
Face Mask,FOREO,Make My Day Hydrating & Anti-Pollution UFO™ Activated Mask,9,5.0,-Hyaluronic Acid -Red Algae,1,1,1,1,1,make_my_day_hydrating_anti_pollution_ufo_activated_mask,foreo,face_mask,foreo_make_my_day_hydrating_anti_pollution_ufo_activated_mask,,,,,,,,,,-Hyaluronic Acid -Red Algae,,,,,,,,,,face mask,nan
Face Mask,CHARLOTTE TILBURY,Goddess Clay Mask,55,4.3,"Water, Stearic Acid, Glycerin, Prunus Amygdalus Dulcis (Sweet Almond) Oil, Kaolin, Titanium Dioxide (Ci 77891), Glyceryl Stearate, Triethanolamine, Phenoxyethanol, Ethylhexylglycerin, Parfum (Fragrance), Chlorphenesin, Disodium Edta, Rosa Canina Fruit Oil, Peg-8, Iron Oxides (Ci 77491), Iron Oxides (Ci 77492), Iron Oxides (Ci 77499), Helianthus Annuus (Sunflower) Seed Oil, Tocopherol, Ascorbyl Palmitate, Nicotiana Sylvestris Leaf Cell Culture, Ascorbic Acid, Citric Acid, Plumeria Rubra Flower Extract, Hexyl Cinnamal, Benzyl Benzoate, Linalool, Hydroxycitronellal, Cinnamyl Alcohol.",1,1,1,1,1,goddess_clay_mask,charlotte_tilbury,face_mask,charlotte_tilbury_goddess_clay_mask,,,,,,,,,,"Stearic Acid;Glycerin;Prunus Amygdalus Dulcis (Sweet Almond) Oil;Kaolin;Titanium Dioxide (Ci 77891);Glyceryl Stearate;Triethanolamine;Phenoxyethanol;Ethylhexylglycerin;Parfum (Fragrance);Chlorphenesin;Disodium Edta;Rosa Canina Fruit Oil;Peg-8;Iron Oxides (Ci 77491);Iron Oxides (Ci 77492);Iron Oxides (Ci 77499);Helianthus Annuus (Sunflower) Seed Oil;Tocopherol;Ascorbyl Palmitate;Nicotiana Sylvestris Leaf Cell Culture;Ascorbic Acid;Citric Acid;Plumeria Rubra Flower Extract;Hexyl Cinnamal;Benzyl Benzoate;Linalool;Hydroxycitronellal;Cinnamyl Alcohol,",,,,,,,,,,face mask,nan
Face Mask,TATA HARPER,Resurfacing Mask,62,4.3,"Aloe barbadensis Leaf Juice*, Salix Alba (Willow) Bark Extract, Sclerotium gum, Aqua/water/Eau, Lactobacillus Ferment, Maltooligosyl Glucoside, Lactobacillus/Punica granatum Fruit Ferment Extract, Leuconostoc Ferment Filtrate, Hydrogenated Starch Hydrolysate, Hydrolyzed Corn Starch, Beta vulgaris/Beet Root Extract/Extrait de racine de betterave, Kaolin (Rose Clay), Sodium Phytate, Aroma**, Benzyl Alcohol, Citral, Citronellol, Eugenol, Geraniol, Limonene, Linalool.",1,1,1,1,1,resurfacing_mask,tata_harper,face_mask,tata_harper_resurfacing_mask,,,,,,,,,,"Aloe barbadensis Leaf Juice*;Salix Alba (Willow) Bark Extract;Sclerotium gum;Aqua/water/Eau;Lactobacillus Ferment;Maltooligosyl Glucoside;Lactobacillus/Punica granatum Fruit Ferment Extract;Leuconostoc Ferment Filtrate;Hydrogenated Starch Hydrolysate;Hydrolyzed Corn Starch;Beta vulgaris/Beet Root Extract/Extrait de racine de betterave;Kaolin (Rose Clay);Sodium Phytate;Aroma**;Benzyl Alcohol;Citral;Citronellol;Eugenol;Geraniol;Limonene;Linalool,",,,,,,,,,,face mask,nan
Face Mask,LA MER,The Lifting and Firming Mask Mini,75,5.0,"Declustered Water (-)/Aqua/Eau De-Structuree (-), Declustered Water (+)/Aqua/Eau De-Structuree (+), Algae (Seaweed) Extract, Dimethicone, Hdi/Trimethylol Hexyllactone Crosspolymer, Cyclopentasiloxane, Hydrogenated Polyisobutene, Caprylic/Capric/Myristic/Stearic Triglyceride, Polysilicone-11, Peg-100 Stearate, Peg-8 Dimethicone, Peg-10 Dimethicone, Glyceryl Triacetyl Ricinoleate, Macadamia Integrifolia Seed Oil, Sesamum Indicum (Sesame) Seed Oil, Medicago Sativa (Alfalfa) Seed Powder, Helianthus Annuus (Sunflower) Seedcake, Prunus Amygdalus Dulcis (Sweet Almond) Seed Meal, Eucalyptus Globulus (Eucalyptus) Leaf Oil, Sodium Gluconate, Copper Gluconate, Calcium Gluconate, Magnesium Gluconate, Zinc Gluconate, Tocopheryl Succinate, Niacin, Sesamum Indicum (Sesame) Seed Powder, Vitis Vinifera (Grape) Seed Extract, Citrus Aurantifolia (Lime) Peel Extract, Sigesbeckia Orientalis (St. Paul'S Wort) Extract, Crithmum Maritimum Extract, Eryngium Maritimum Extract, Polygonum Cuspidatum Root Extract, Silybum Marianum (Lady'S Thistle) Extract, Bupleurum Falcatum Root Extract, Humulus Lupulus (Hops) Extract, Citrus Reticulata (Tangerine) Peel Extract, Mimosa Tenuiflora Bark Extract, Narcissus Tazetta Bulb Extract, Chlorella Vulgaris Extract, Saccharomyces Lysate Extract, Prunus Mume Fruit Extract, Whey Protein/Lactis Protein/Proteine Du Petit-Lait, Gelidium Cartilagineum Extract, Glycerin, Coenzyme A, Micrococcus Lysate, Laminaria Digitata Extract, Rosmarinus Officinalis (Rosemary) Leaf Extract, Laminaria Ochroleuca Extract, Punica Granatum (Pomegranate) Fruit Juice, Sorbitol, Corallina Officinalis Extract, Molasses Extract/Saccharum Officinarum/Extrait De Melasse, Glycine Soja (Soybean) Seed Extract, Tourmaline, Caffeine, Linolenic Acid, Hydrogenated Lecithin, Gold, Hydrolyzed Wheat Protein, Glycosaminoglycans, Palmitoyl Hexapeptide-12, Ammonium Acryloyldimethyltaurate/Beheneth-25 Methacrylate Crosspolymer, Bifida Ferment Lysate, Alcaligenes Polysaccharides, Butylene Glycol, Tetraacetylphytosphingosine, Dipotassium Glycyrrhizate, Lecithin, Acetyl Glucosamine, Sodium Hyaluronate, Laureth-23, Acetyl Hexapeptide-8, Linoleic Acid, Dipalmitoyl Hydroxyproline, Propylene Glycol Diethylhexanoate, Yeast Extract/Faex/Extrait De Levure, Triethylhexanoin, Caprylic/Capric Triglyceride, Laureth-4, Tocopheryl Acetate, Diethylhexyl Syringylidenemalonate, Pentylene Glycol, Peg-8, Alcohol Denat., Potassium Sorbate, Yeast Polysaccharides, Hydroxypropyl Cyclodextrin, Nordihydroguaiaretic Acid, Cyclodextrin, Maltodextrin, Sucrose, Glyceryl Polymethacrylate, Fragrance, Polymethylsilsesquioxane, Silica, Ethylbisiminomethylguaiacol Manganese Chloride, Disodium Edta, Phenoxyethanol, Linalool, Hydroxycitronellal, Citronellol, Geraniol, Limonene, Green 5 (Ci 61570)",0,0,0,0,0,the_lifting_and_firming_mask_mini,la_mer,face_mask,la_mer_the_lifting_and_firming_mask_mini,,,,,,,,,,"Declustered Water (-)/Aqua/Eau De-Structuree (-);Declustered Water (+)/Aqua/Eau De-Structuree (+);Algae (Seaweed) Extract;Dimethicone;Hdi/Trimethylol Hexyllactone Crosspolymer;Cyclopentasiloxane;Hydrogenated Polyisobutene;Caprylic/Capric/Myristic/Stearic Triglyceride;Polysilicone-11;Peg-100 Stearate;Peg-8 Dimethicone;Peg-10 Dimethicone;Glyceryl Triacetyl Ricinoleate;Macadamia Integrifolia Seed Oil;Sesamum Indicum (Sesame) Seed Oil;Medicago Sativa (Alfalfa) Seed Powder;Helianthus Annuus (Sunflower) Seedcake;Prunus Amygdalus Dulcis (Sweet Almond) Seed Meal;Eucalyptus Globulus (Eucalyptus) Leaf Oil;Sodium Gluconate;Copper Gluconate;Calcium Gluconate;Magnesium Gluconate;Zinc Gluconate;Tocopheryl Succinate;Niacin;Sesamum Indicum (Sesame) Seed Powder;Vitis Vinifera (Grape) Seed Extract;Citrus Aurantifolia (Lime) Peel Extract;Sigesbeckia Orientalis (St, Paul'S Wort) Extract;Crithmum Maritimum Extract;Eryngium Maritimum Extract;Polygonum Cuspidatum Root Extract;Silybum Marianum (Lady'S Thistle) Extract;Bupleurum Falcatum Root Extract;Humulus Lupulus (Hops) Extract;Citrus Reticulata (Tangerine) Peel Extract;Mimosa Tenuiflora Bark Extract;Narcissus Tazetta Bulb Extract;Chlorella Vulgaris Extract;Saccharomyces Lysate Extract;Prunus Mume Fruit Extract;Whey Protein/Lactis Protein/Proteine Du Petit-Lait;Gelidium Cartilagineum Extract;Glycerin;Coenzyme A;Micrococcus Lysate;Laminaria Digitata Extract;Rosmarinus Officinalis (Rosemary) Leaf Extract;Laminaria Ochroleuca Extract;Punica Granatum (Pomegranate) Fruit Juice;Sorbitol;Corallina Officinalis Extract;Molasses Extract/Saccharum Officinarum/Extrait De Melasse;Glycine Soja (Soybean) Seed Extract;Tourmaline;Caffeine;Linolenic Acid;Hydrogenated Lecithin;Gold;Hydrolyzed Wheat Protein;Glycosaminoglycans;Palmitoyl Hexapeptide-12;Ammonium Acryloyldimethyltaurate/Beheneth-25 Methacrylate Crosspolymer;Bifida Ferment Lysate;Alcaligenes Polysaccharides;Butylene Glycol;Tetraacetylphytosphingosine;Dipotassium Glycyrrhizate;Lecithin;Acetyl Glucosamine;Sodium Hyaluronate;Laureth-23;Acetyl Hexapeptide-8;Linoleic Acid;Dipalmitoyl Hydroxyproline;Propylene Glycol Diethylhexanoate;Yeast Extract/Faex/Extrait De Levure;Triethylhexanoin;Caprylic/Capric Triglyceride;Laureth-4;Tocopheryl Acetate;Diethylhexyl Syringylidenemalonate;Pentylene Glycol;Peg-8;Alcohol Denat,;Potassium Sorbate;Yeast Polysaccharides;Hydroxypropyl Cyclodextrin;Nordihydroguaiaretic Acid;Cyclodextrin;Maltodextrin;Sucrose;Glyceryl Polymethacrylate;Fragrance;Polymethylsilsesquioxane;Silica;Ethylbisiminomethylguaiacol Manganese Chloride;Disodium Edta;Phenoxyethanol;Linalool;Hydroxycitronellal;Citronellol;Geraniol;Limonene;Green 5 (Ci 61570)",,,,,,,,,,face mask,nan
Face Mask,VOLITION BEAUTY,Detoxifying Silt Gelee Mask,60,4.7,"Water, Silt, Kaolin, Carthamus Tinctorius (Safflower) Seed Oil, Panthenol, Butyrospermum Parkii (Shea Butter) Butter, Glyceryl Oleate, Jojoba Oil, Hydrolyzed Quinoa, Butyl Avocadate, Hydroxyethylcellulose, Mica, Zinc Oxide, Hydroxyapatite, Polysorbate 20, Phenoxyethanol, Hydroxyethylacrylate/Sodium Acryloyldimethyltaurate Copolymer, Squalane, Polysorbate 60, Allantoin, Cananga Odorata Flower Oil, Salvia Officinalis (Sage) Oil, Tsuga Canadensis Oil.",1,1,1,1,1,detoxifying_silt_gelee_mask,volition_beauty,face_mask,volition_beauty_detoxifying_silt_gelee_mask,,,,,,,,,,"Silt;Kaolin;Carthamus Tinctorius (Safflower) Seed Oil;Panthenol;Butyrospermum Parkii (Shea Butter) Butter;Glyceryl Oleate;Jojoba Oil;Hydrolyzed Quinoa;Butyl Avocadate;Hydroxyethylcellulose;Mica;Zinc Oxide;Hydroxyapatite;Polysorbate 20;Phenoxyethanol;Hydroxyethylacrylate/Sodium Acryloyldimethyltaurate Copolymer;Squalane;Polysorbate 60;Allantoin;Cananga Odorata Flower Oil;Salvia Officinalis (Sage) Oil;Tsuga Canadensis Oil,",,,,,,,,,,face mask,nan
Face Mask,ORIGINS,Dr. Andrew Weil For Origins™ Mega-Mushroom Relief & Resilience Soothing Face Mask,40,4.5,"Water, Carthamus Tinctorius (Safflower) Seed Oil*, Butylene Glycol, Squalane, PEG-100 Stearate, Caprylic/Capric Triglyceride, Glyceryl Stearate, Tribehenin, Glycerin, Cetearyl Alcohol, Euphorbia Cerifera (Candelilla) Wax, Kaolin, Citrus Aurantium Dulcis (Orange) Oil** Lavandula Angustifolia (Lavender) Oil**, Pogostemon Cablin (Patchouli) Oil**, Citrus Nobilis (Mandarin Orange) Peel Oil**, Pelargonium Graveolens Flower Oil**, Boswellia Carterii (Olibanum) Oil ***, Limonene, Linalool, Citronellol, Geraniol, Citral, Ganoderma Lucidum (Reishi Mushroom) Extract, Fuscoporia Obliqua Sclerotium Extract, Cordyceps Sinensis (Mushroom) Extract, Ergothioneine, Camelina Sativa Seed Oil, Lactobacillus Ferment, Hippophae Rhamnoides Extract*, Zingiber Officinale (Ginger) Root Extract*, Ocimum Sanctum (Holy Basil) Leaf Extract, Curcuma Longa (Turmeric) Root Extract*, Olea Europaea (Olive) Leaf Extract, Silybum Marianum Fruit Extract, Persea Gratissima (Avocado) Fruit Extract, Ascophyllum Nodosum Extract, Sucrose*, Astrocaryum Murumuru Seed Butter, Asparagopsis Armata Extract, Yeast Extract, Cladosiphon Okamuranus Extract, Hypnea Musciformis (Algae) Extract, Behenyl Alcohol, Sorbitol, Trehalose, Adansonia Digitata Seed Oil, Caprylyl Glycol, Caffeine, Gellidiella Acerosa Extract, Calcium Carbonate, Helianthus Annuus (Sunflower) Seed Oil*, Polysorbate 20, Phytosterols, Maltodextrin Tocotrienols Phytosphingosine, Squalene, Saccharomyces Ferment Filtrate, Tocopherol, Sodium Hyaluronate, Potassium Hydroxide, Carbomer, Hexylene Glycol, Elaeis Guineensis (Palm) Oil, Dextrin, Phenoxyethanol, Iron Oxides (Ci 77491, Ci 77492, Ci 77499), Titanium Dioxide (Ci 77891).",1,1,1,1,1,dr._andrew_weil_for_origins_mega_mushroom_relief_resilience_soothing_face_mask,origins,face_mask,origins_dr._andrew_weil_for_origins_mega_mushroom_relief_resilience_soothing_face_mask,,,,,,,,,,"Carthamus Tinctorius (Safflower) Seed Oil*;Butylene Glycol;Squalane;PEG-100 Stearate;Caprylic/Capric Triglyceride;Glyceryl Stearate;Tribehenin;Glycerin;Cetearyl Alcohol;Euphorbia Cerifera (Candelilla) Wax;Kaolin;Citrus Aurantium Dulcis (Orange) Oil** Lavandula Angustifolia (Lavender) Oil**;Pogostemon Cablin (Patchouli) Oil**;Citrus Nobilis (Mandarin Orange) Peel Oil**;Pelargonium Graveolens Flower Oil**;Boswellia Carterii (Olibanum) Oil ***;Limonene;Linalool;Citronellol;Geraniol;Citral;Ganoderma Lucidum (Reishi Mushroom) Extract;Fuscoporia Obliqua Sclerotium Extract;Cordyceps Sinensis (Mushroom) Extract;Ergothioneine;Camelina Sativa Seed Oil;Lactobacillus Ferment;Hippophae Rhamnoides Extract*;Zingiber Officinale (Ginger) Root Extract*;Ocimum Sanctum (Holy Basil) Leaf Extract;Curcuma Longa (Turmeric) Root Extract*;Olea Europaea (Olive) Leaf Extract;Silybum Marianum Fruit Extract;Persea Gratissima (Avocado) Fruit Extract;Ascophyllum Nodosum Extract;Sucrose*;Astrocaryum Murumuru Seed Butter;Asparagopsis Armata Extract;Yeast Extract;Cladosiphon Okamuranus Extract;Hypnea Musciformis (Algae) Extract;Behenyl Alcohol;Sorbitol;Trehalose;Adansonia Digitata Seed Oil;Caprylyl Glycol;Caffeine;Gellidiella Acerosa Extract;Calcium Carbonate;Helianthus Annuus (Sunflower) Seed Oil*;Polysorbate 20;Phytosterols;Maltodextrin Tocotrienols Phytosphingosine;Squalene;Saccharomyces Ferment Filtrate;Tocopherol;Sodium Hyaluronate;Potassium Hydroxide;Carbomer;Hexylene Glycol;Elaeis Guineensis (Palm) Oil;Dextrin;Phenoxyethanol;Iron Oxides (Ci 77491;Ci 77492;Ci 77499);Titanium Dioxide (Ci 77891),",1.0,747.0,28741.0,4.3588,6.7,,5.07,0.58,2.6,face mask,nan
Face Mask,DR. BRANDT SKINCARE,Oxygen Facial Flash Recovery Mask,70,4.5,"Water, Glycerin, Kaolin, Methyl Perfluorobutyl Ether, Cocamidopropyl Betaine, Methyl Perfluoroisobutyl Ether, Ethyl Perfluorobutyl Ether, Ethyl Perfluoroisobutyl Ether, Pentylene Glycol, Magnesium Aluminum Silicate, Xanthan Gum, Sodium Lauryl Sulfoacetate, Ribose, Perfluorodecalin, Phenoxyethanol, Sodium Lauroyl Sarcosinate, Ppg-26-Buteth-26, Pyrus Malus (Apple) Fruit Extract, Peg-12 Glyceryl Distearate, Caprylyl Glycol, Lavandula Angustifolia (Lavender) Oil, Peg-40 Hydrogenated Castor Oil, Menthyl Lactate, Sodium Chloride, Ethylhexylglycerin, Hexylene Glycol, Sodium Sulfate, Moringa Pterygosperma Seed Extract, Retinyl Palmitate, Camellia Oleifera Leaf Extract, Vitis Vinifera (Grape) Seed Extract.",1,1,1,1,0,oxygen_facial_flash_recovery_mask,dr._brandt_skincare,face_mask,dr._brandt_skincare_oxygen_facial_flash_recovery_mask,,,,,,,,,,"Glycerin;Kaolin;Methyl Perfluorobutyl Ether;Cocamidopropyl Betaine;Methyl Perfluoroisobutyl Ether;Ethyl Perfluorobutyl Ether;Ethyl Perfluoroisobutyl Ether;Pentylene Glycol;Magnesium Aluminum Silicate;Xanthan Gum;Sodium Lauryl Sulfoacetate;Ribose;Perfluorodecalin;Phenoxyethanol;Sodium Lauroyl Sarcosinate;Ppg-26-Buteth-26;Pyrus Malus (Apple) Fruit Extract;Peg-12 Glyceryl Distearate;Caprylyl Glycol;Lavandula Angustifolia (Lavender) Oil;Peg-40 Hydrogenated Castor Oil;Menthyl Lactate;Sodium Chloride;Ethylhexylglycerin;Hexylene Glycol;Sodium Sulfate;Moringa Pterygosperma Seed Extract;Retinyl Palmitate;Camellia Oleifera Leaf Extract;Vitis Vinifera (Grape) Seed Extract,",,,,,,,,,,face mask,nan
Face Mask,SEPHORA COLLECTION,SUPERMASK - The Mud Mask,6,4.6,"Water, Illite, Montmorillonite, Propanediol, Kaolin, Cetyl Alcohol, Dimethicone, Citric Acid, Glycerin, Benzyl Glycol, Panthenol, Glyceryl Stearate, PEG-100 Stearate, 1,2-Hexanediol, Polyacrylamide, Phenoxyethanol, Dipotassium Glycyrrhizate, Ethylhexylglycerin, Allantoin, C13-14 Isoparaffin, Saccharide Isomerate, Xanthan Gum, Fragrance, Disodium EDTA, Laureth-7, Raspberry Ketone, Sodium Citrate, Tocopherol.",1,1,1,1,1,supermask_the_mud_mask,sephora_collection,face_mask,sephora_collection_supermask_the_mud_mask,,,,,,,,,,"Illite;Montmorillonite;Propanediol;Kaolin;Cetyl Alcohol;Dimethicone;Citric Acid;Glycerin;Benzyl Glycol;Panthenol;Glyceryl Stearate;PEG-100 Stearate;1,2-Hexanediol;Polyacrylamide;Phenoxyethanol;Dipotassium Glycyrrhizate;Ethylhexylglycerin;Allantoin;C13-14 Isoparaffin;Saccharide Isomerate;Xanthan Gum;Fragrance;Disodium EDTA;Laureth-7;Raspberry Ketone;Sodium Citrate;Tocopherol,",,,,,,,,,,face mask,nan
Face Mask,DR. JART+,Brightening Infusion Hydrogel Mask,7,3.8,"Water, Glycerin, 1, 2-Hexanediol, Niacinamide, Caprylic/Capric Triglyceride, Galactomyces Ferment Filtrate, Ceratonia Siliqua Gum, Chondrus Crispus (Carrageenan), Butylene Glycol, Polyacrylate-13, Polyisobutene, Polysorbate 20, Phenyl Trimethicone, PEG-60 Hydrogenated Castor Oil, Cellulose Gum, Glycyrrhiza Glabra (Licorice) Root Extract, Citrus Medica Limonum (Lemon) Fruit Extract, Allantoin, Disodium EDTA, Potassium Hydroxide, Pearl Powder, Fragrance, Sodium Ascorbyl Phosphate.",1,1,1,1,1,brightening_infusion_hydrogel_mask,dr._jart,face_mask,dr._jart_brightening_infusion_hydrogel_mask,,,,,,,,,,"Glycerin;1;2-Hexanediol;Niacinamide;Caprylic/Capric Triglyceride;Galactomyces Ferment Filtrate;Ceratonia Siliqua Gum;Chondrus Crispus (Carrageenan);Butylene Glycol;Polyacrylate-13;Polyisobutene;Polysorbate 20;Phenyl Trimethicone;PEG-60 Hydrogenated Castor Oil;Cellulose Gum;Glycyrrhiza Glabra (Licorice) Root Extract;Citrus Medica Limonum (Lemon) Fruit Extract;Allantoin;Disodium EDTA;Potassium Hydroxide;Pearl Powder;Fragrance;Sodium Ascorbyl Phosphate,",,,,,,,,,,face mask,nan
Face Mask,OMOROVICZA,Deep Cleansing Mask,120,4.3,"Hungarian Thermal Water, Kaolin, Glycerin, Cetearyl Alcohol, Silt (Hungarian Mud), Stearic Acid, Cetearyl Olivate, Zinc Oxide, Phenoxyethanol, Sorbitan Olivate, Mannitol, Malpighia Punicifolia (Acerola) Fruit Extract, Saccharomyces (Hungarian Thermal Water) Ferment Extract, Tocopherol, Ethylhexylglycerin, Sodium Hydroxide, Fragrance, Yeast Extract, Phospholipids, Linalool, Limonene, Citronellol, Geraniol.",1,1,1,1,0,deep_cleansing_mask,omorovicza,face_mask,omorovicza_deep_cleansing_mask,,,,,,,,,,"Hungarian Thermal Water;Kaolin;Glycerin;Cetearyl Alcohol;Silt (Hungarian Mud);Stearic Acid;Cetearyl Olivate;Zinc Oxide;Phenoxyethanol;Sorbitan Olivate;Mannitol;Malpighia Punicifolia (Acerola) Fruit Extract;Saccharomyces (Hungarian Thermal Water) Ferment Extract;Tocopherol;Ethylhexylglycerin;Sodium Hydroxide;Fragrance;Yeast Extract;Phospholipids;Linalool;Limonene;Citronellol;Geraniol,",,,,,,,,,,face mask,nan
Face Mask,ORIGINS,Dr. Andrew Weil For Origins™ Mega-Bright Dark Spot Correcting Night Mask,59,3.8,"Water, Butylene Glycol, Isostearyl Palmitate, Cetyl Ricinoleate, Squalane, Dimethicone, Glyceryl Stearate, Glycerin, Ascorbyl Glucoside, Peg-100 Stearate, Cetyl Alcohol, Stearic Acid, Citrus Aurantium Dulcis (Orange) Peel Oil*, Pelargonium Graveolens Flower Oil*, Cananga Odorata Flower Oil*, Eugenia Caryophyllus (Clove) Bud Oil*, Rosa Damascena Flower Oil*, Jasminum Officinale (Jasmine) Oil*, Viola Odorata Flower/Leaf Extract, Polianthes Tuberosa Extract, Citronellol, Geraniol, Benzyl Benzoate, Hypnea Musciformis (Algae) Extract, Jasminum Officinale (Jasmine) Flower Wax, Gellidiela Acerosa (Algae) Extract, Cucumis Sativus (Cucumber) Fruit Extract, Gentiana Lutea (Gentian) Root Extract, Triticum Vulgare (Wheat) Germ Extract, Hordeum Vulgare (Barley) Extract/Extrait D'Orge, Prunus Mume Fruit Extract, Vitis Vinifera (Grape) Fruit Extract, Morus Nigra (Mulberry) Root Extract, Paeonia Albiflora (Peony) Root Extract, Molasses Extract/Saccharum Officinarum/Extrait De Melasse, Castanea Sativa (Chestnut) Seed Extract, Scutellaria Baicalensis Root Extract, Perilla Ocymoides Leaf Extract, Hydrolyzed Rice Bran Extract, Rosa Roxburghii Fruit Extract, Salicylic Acid, Astrocaryum Murumuru Seed Butter, Phospholipids, Cholesterol, Glucosamine Hcl, Arginine, Ethylhexylglycerin, Sodium Hyaluronate, Dipotassium Glycyrrhizate, Trehalose, Tromethamine, Polysilicone-11, Carbomer, Caprylyl Glycol, Tocopheryl Acetate, Hexylene Glycol, Sodium Hydroxide, Sodium Phytate, Phenoxyethanol * Essential Oil Please be aware that ingredient lists may change or vary from time to time.� Please refer to the ingredient list on the product package you receive for the most up to date list of ingredients.",0,0,0,0,0,dr._andrew_weil_for_origins_mega_bright_dark_spot_correcting_night_mask,origins,face_mask,origins_dr._andrew_weil_for_origins_mega_bright_dark_spot_correcting_night_mask,,,,,,,,,,"Butylene Glycol;Isostearyl Palmitate;Cetyl Ricinoleate;Squalane;Dimethicone;Glyceryl Stearate;Glycerin;Ascorbyl Glucoside;Peg-100 Stearate;Cetyl Alcohol;Stearic Acid;Citrus Aurantium Dulcis (Orange) Peel Oil*;Pelargonium Graveolens Flower Oil*;Cananga Odorata Flower Oil*;Eugenia Caryophyllus (Clove) Bud Oil*;Rosa Damascena Flower Oil*;Jasminum Officinale (Jasmine) Oil*;Viola Odorata Flower/Leaf Extract;Polianthes Tuberosa Extract;Citronellol;Geraniol;Benzyl Benzoate;Hypnea Musciformis (Algae) Extract;Jasminum Officinale (Jasmine) Flower Wax;Gellidiela Acerosa (Algae) Extract;Cucumis Sativus (Cucumber) Fruit Extract;Gentiana Lutea (Gentian) Root Extract;Triticum Vulgare (Wheat) Germ Extract;Hordeum Vulgare (Barley) Extract/Extrait D'Orge;Prunus Mume Fruit Extract;Vitis Vinifera (Grape) Fruit Extract;Morus Nigra (Mulberry) Root Extract;Paeonia Albiflora (Peony) Root Extract;Molasses Extract/Saccharum Officinarum/Extrait De Melasse;Castanea Sativa (Chestnut) Seed Extract;Scutellaria Baicalensis Root Extract;Perilla Ocymoides Leaf Extract;Hydrolyzed Rice Bran Extract;Rosa Roxburghii Fruit Extract;Salicylic Acid;Astrocaryum Murumuru Seed Butter;Phospholipids;Cholesterol;Glucosamine Hcl;Arginine;Ethylhexylglycerin;Sodium Hyaluronate;Dipotassium Glycyrrhizate;Trehalose;Tromethamine;Polysilicone-11;Carbomer;Caprylyl Glycol;Tocopheryl Acetate;Hexylene Glycol;Sodium Hydroxide;Sodium Phytate;Phenoxyethanol * Essential Oil Please be aware that ingredient lists may change or vary from time to time,� Please refer to the ingredient list on the product package you receive for the most up to date list of ingredients,",,,,,,,,,,face mask,nan
Face Mask,J.ONE,Black Jelly Pack,44,4.8,"-Red Wine Extract: Increases skin’s natural cell turnover and fights free radicals. -Black Bee Propolis: Soothes and calms. -Black Truffle Extract: Creates visibly plumper, firmer skin. -Black Cumin Seed: Delivers antioxidant-rich vitamin E to boost skin’s natural repair of photo aging.",1,1,1,1,1,black_jelly_pack,j.one,face_mask,j.one_black_jelly_pack,,,,,,,,,,"-Red Wine Extract: Increases skin’s natural cell turnover and fights free radicals, -Black Bee Propolis: Soothes and calms, -Black Truffle Extract: Creates visibly plumper;firmer skin, -Black Cumin Seed: Delivers antioxidant-rich vitamin E to boost skin’s natural repair of photo aging,",,,,,,,,,,face mask,nan
Face Mask,SEPHORA COLLECTION,Sleeping Mask - Coconut Water,4,5.0,"Water, Butylene Glycol, Glycerin, Betaine, Phenoxyethanol, Caprylic/Capric Triglyceride, Dimethicone, Acrylates/C10-30 Alkyl Acrylate Crosspolymer, PEG-40 Hydrogenated Castor Oil, Isononyl Isononanoate, Ethylhexylglycerin, Sodium Hydroxide, Fragrance, PEG-30 Dipolyhydroxystearate, Trideceth-6, Cocos Nucifera (Coconut) Fruit Juice, Sodium Hyaluronate, Citric Acid, Potassium Sorbate, Sodium Benzoate",1,1,1,1,1,sleeping_mask_coconut_water,sephora_collection,face_mask,sephora_collection_sleeping_mask_coconut_water,,,,,,,,,,Butylene Glycol;Glycerin;Betaine;Phenoxyethanol;Caprylic/Capric Triglyceride;Dimethicone;Acrylates/C10-30 Alkyl Acrylate Crosspolymer;PEG-40 Hydrogenated Castor Oil;Isononyl Isononanoate;Ethylhexylglycerin;Sodium Hydroxide;Fragrance;PEG-30 Dipolyhydroxystearate;Trideceth-6;Cocos Nucifera (Coconut) Fruit Juice;Sodium Hyaluronate;Citric Acid;Potassium Sorbate;Sodium Benzoate,,,,,,,,,,face mask,nan
Face Mask,SEPHORA COLLECTION,Face Mask - Algae,6,4.7,"Water, Butylene Glycol, Glycerin, Peg/Ppg/Polybutylene Glycol-8/5/3 Glycerin, Glycosyl Trehalose, Hydrogenated Starch Hydrolysate, Phenoxyethanol, 1,2-Hexanediol, Sodium Polyacrylate, Sodium Hyaluronate, Xanthan Gum, Fragrance, Lecithin, Salix Alba (Willow) Bark Extract, Maltodextrin, Laminaria Saccharina Extract, Brassica Oleracea Italica (Broccoli) Sprout Extract, Passiflora Edulis Fruit Extract, Hydrolyzed Rice Bran Extract, Bakuchiol, Magnolia Officinalis Flower Extract, Citric Acid, Limonene, Potassium Sorbate, Sodium Benzoate, Ascorbic Acid.",0,0,0,0,0,face_mask_algae,sephora_collection,face_mask,sephora_collection_face_mask_algae,,,,,,,,,,"Butylene Glycol;Glycerin;Peg/Ppg/Polybutylene Glycol-8/5/3 Glycerin;Glycosyl Trehalose;Hydrogenated Starch Hydrolysate;Phenoxyethanol;1,2-Hexanediol;Sodium Polyacrylate;Sodium Hyaluronate;Xanthan Gum;Fragrance;Lecithin;Salix Alba (Willow) Bark Extract;Maltodextrin;Laminaria Saccharina Extract;Brassica Oleracea Italica (Broccoli) Sprout Extract;Passiflora Edulis Fruit Extract;Hydrolyzed Rice Bran Extract;Bakuchiol;Magnolia Officinalis Flower Extract;Citric Acid;Limonene;Potassium Sorbate;Sodium Benzoate;Ascorbic Acid,",,,,,,,,,,face mask,nan
Face Mask,DR. JART+,Pore Minimalist Black Charcoal Sheet Mask,7,3.9,"Water, Glycerin, Dimethyl Sulfone, Butylene Glycol, 1, 2-Hexanediol, PEG-32, Glycereth-26, Panthenol, Charcoal Powder, Alcohol Denat., Achillea Millefolium Extract, Arnica Montana Flower Extract, Artemisia Absinthium Extract, Gentiana Lutea Root Extract, Mentha Viridis (Spearmint) Extract, Moroccan Lava Clay, Polyphosphorylcholine, Glycol Acrylate, Arginine, PEG-60 Hydrogenated Castor Oil, Ethylhexylglycerin, Disodium EDTA, Fragrance, Potassium Sorbate.",1,1,1,1,1,pore_minimalist_black_charcoal_sheet_mask,dr._jart,face_mask,dr._jart_pore_minimalist_black_charcoal_sheet_mask,,,,,,,,,,"Glycerin;Dimethyl Sulfone;Butylene Glycol;1;2-Hexanediol;PEG-32;Glycereth-26;Panthenol;Charcoal Powder;Alcohol Denat,;Achillea Millefolium Extract;Arnica Montana Flower Extract;Artemisia Absinthium Extract;Gentiana Lutea Root Extract;Mentha Viridis (Spearmint) Extract;Moroccan Lava Clay;Polyphosphorylcholine;Glycol Acrylate;Arginine;PEG-60 Hydrogenated Castor Oil;Ethylhexylglycerin;Disodium EDTA;Fragrance;Potassium Sorbate,",,,,,,,,,,face mask,nan
Face Mask,SEPHORA COLLECTION,Nose Strip,3,2.8,"Alcohol Denat., Vinyl Caprolactam/VP/Dimethylaminoethyl Methacrylate Copolymer, Silica Dimethyl Silylate, Aqua (Water), PEG-12 Dimethicone, Charcoal Powder, CI 77891 (Titanium Dioxide), Allantoin, Tocopheryl Acetate, Dipotassium Glycyrrhizate, CI 77499 (Iron Oxides), Aloe Barbadensis Leaf Juice Powder, Hamamelis Virginiana (Witch Hazel) Bark/Leaf/Twig Extract, Butylene Glycol, T-Butyl Alcohol, Camellia Sinensis Leaf Extract, Maltodextrin, Phenoxyethanol, Denatonium Benzoate.",0,0,0,0,0,nose_strip,sephora_collection,face_mask,sephora_collection_nose_strip,,,,,,,,,,"Alcohol Denat,;Vinyl Caprolactam/VP/Dimethylaminoethyl Methacrylate Copolymer;Silica Dimethyl Silylate;Aqua (Water);PEG-12 Dimethicone;Charcoal Powder;CI 77891 (Titanium Dioxide);Allantoin;Tocopheryl Acetate;Dipotassium Glycyrrhizate;CI 77499 (Iron Oxides);Aloe Barbadensis Leaf Juice Powder;Hamamelis Virginiana (Witch Hazel) Bark/Leaf/Twig Extract;Butylene Glycol;T-Butyl Alcohol;Camellia Sinensis Leaf Extract;Maltodextrin;Phenoxyethanol;Denatonium Benzoate,",,,,,,,,,,face mask,nan
Face Mask,DR. JART+,Shake & Shot™ Rubber Hydro Mask,12,4.6,"-Vitamin B5 (Panthenol): Moisturizes and maintains skin’s moisture retention. -Baobab Tree Leaf Extract: Rich in vitamins to help moisturize and provide antioxidant protection. -Expert Moist Complex: Rich in amino acids to enhance moisture retention in and strengthen skin’s moisture barrier. STEP 01 Super Booster: Cetyl Ethylhexanoate, PEG-8 Glyceryl Isostearate, Phenoxyethanol, Ethylhexylglycerin, Citrus Aurantium Bergamia (Bergamot) Fruit Oil, Trihydroxystearin, Silica Dimethyl Silylate, Algin, Tetrapotassium Pyrophosphate, Calcium Sulfate. STEP 02 Hydro Liquid Ampoule: Water, Dipropylene Glycol, Panthenol, Adansonia Digitata Leaf Extract, Pseudoalteromonas Ferment Extract, Viola Mandshurica Flower Extract, Proline, Alanine, Serine, Sodium Phosphate, Sodium Hydroxide, PEG-60 Hydrogenated Castor Oil, Gardenia Florida Fruit Extract, Citrus Aurantium Bergamia (Bergamot) Fruit Oil, Butylene Glycol, Coptis Japonica Extract, Glycerin, 1,2-Hexanediol, Xanthan Gum, Caprylyl Glycol, Phenoxyethanol, Ethylhexylglycerin.",1,1,1,1,1,shake_shot_rubber_hydro_mask,dr._jart,face_mask,dr._jart_shake_shot_rubber_hydro_mask,,,,,,,,,,"-Vitamin B5 (Panthenol): Moisturizes and maintains skin’s moisture retention, -Baobab Tree Leaf Extract: Rich in vitamins to help moisturize and provide antioxidant protection, -Expert Moist Complex: Rich in amino acids to enhance moisture retention in and strengthen skin’s moisture barrier, STEP 01 Super Booster: Cetyl Ethylhexanoate;PEG-8 Glyceryl Isostearate;Phenoxyethanol;Ethylhexylglycerin;Citrus Aurantium Bergamia (Bergamot) Fruit Oil;Trihydroxystearin;Silica Dimethyl Silylate;Algin;Tetrapotassium Pyrophosphate;Calcium Sulfate, STEP 02 Hydro Liquid Ampoule: Water;Dipropylene Glycol;Panthenol;Adansonia Digitata Leaf Extract;Pseudoalteromonas Ferment Extract;Viola Mandshurica Flower Extract;Proline;Alanine;Serine;Sodium Phosphate;Sodium Hydroxide;PEG-60 Hydrogenated Castor Oil;Gardenia Florida Fruit Extract;Citrus Aurantium Bergamia (Bergamot) Fruit Oil;Butylene Glycol;Coptis Japonica Extract;Glycerin;1,2-Hexanediol;Xanthan Gum;Caprylyl Glycol;Phenoxyethanol;Ethylhexylglycerin,",,,,,,,,,,face mask,nan
Face Mask,DR. DENNIS GROSS SKINCARE,Clarifying Colloidal Sulfur Mask,42,4.3,-Retinol: Helps smooth wrinkles and lines while increasing moisture and elasticity. -Licorice Root Extract: Lightens and is an anti-inflammatory. -Colloidal Sulfur: Reduces acne blemishes and absorbs oil. -Bentonite: A naturally occuring white clay that helps absorb oil and mattify. -Prickly Pear: Calms redness and irritation.,0,0,0,0,0,clarifying_colloidal_sulfur_mask,dr._dennis_gross_skincare,face_mask,dr._dennis_gross_skincare_clarifying_colloidal_sulfur_mask,,,,,,,,,,"-Retinol: Helps smooth wrinkles and lines while increasing moisture and elasticity, -Licorice Root Extract: Lightens and is an anti-inflammatory, -Colloidal Sulfur: Reduces acne blemishes and absorbs oil, -Bentonite: A naturally occuring white clay that helps absorb oil and mattify, -Prickly Pear: Calms redness and irritation,",,,,,,,,,,face mask,nan
Face Mask,PERRICONE MD,Chlorophyll Detox Mask,69,4.5,Visit the Perricone MD boutique,0,0,0,0,0,chlorophyll_detox_mask,perricone_md,face_mask,perricone_md_chlorophyll_detox_mask,,,,,,,,,,Visit the Perricone MD boutique,,,,,,,,,,face mask,nan
Face Mask,BELIF,Pore Cleaner Bubble Foam,36,4.4,"Water, Cellulose, Alcohol Denat., Butylene Glycol, Methyl Perfluoroisobutyl Ether, Methyl Perfluorobutyl Ether, 1,2-hexanediol, Cyclohexasiloxane, Moringa Oleifera Seed Oil, Eucalyptus Globulus Leaf Extract*, Rosa Canina Fruit Extract*, Mentha Rotundifolia Leaf Extract*, Calendula Officinalis Flower Extract+, Rubus Idaeus (Raspberry) Leaf Extract+, Avena Sativa (Oat) Kernel Extract+, Nepeta Cataria Extract+, Baptisia Tinctoria Root Extract+, Stellaria Media (Chickweed) Extract+, Melaleuca Alternifolia (Tea Tree) Leaf Oil**, Citrus Aurantium Bergamia (Bergamot) Fruit Oil*, Pelargonium Graveolens Flower Oil**, Rosmarinus Officinalis (Rosemary) Leaf Oil**, Eucalyptus Globulus Leaf Oil**, Citrus Aurantifolia (Lime) Oil**, PEG-8, Coco-glucoside, Tromethamine, Carbomer, Acrylates/Beheneth-25 Methacrylate Copolymer, PEG-60 Hydrogenated Castor Oil, Methyl Gluceth-20, Propanediol, Dipropylene Glycol, PEG/PPG-17/6 Copolymer, Trisodium EDTA, Perfluorohexane, Perfluoroperhydrophenanthrene, Perfluorodecalin, Perfluorodimethylcyclohexane, Limonene. +Napiers original formula. *Sebum Control Herb Complex. **Fragrances of natural origin.",1,1,1,1,1,pore_cleaner_bubble_foam,belif,face_mask,belif_pore_cleaner_bubble_foam,,,,,,,,,,"Cellulose;Alcohol Denat,;Butylene Glycol;Methyl Perfluoroisobutyl Ether;Methyl Perfluorobutyl Ether;1,2-hexanediol;Cyclohexasiloxane;Moringa Oleifera Seed Oil;Eucalyptus Globulus Leaf Extract*;Rosa Canina Fruit Extract*;Mentha Rotundifolia Leaf Extract*;Calendula Officinalis Flower Extract+;Rubus Idaeus (Raspberry) Leaf Extract+;Avena Sativa (Oat) Kernel Extract+;Nepeta Cataria Extract+;Baptisia Tinctoria Root Extract+;Stellaria Media (Chickweed) Extract+;Melaleuca Alternifolia (Tea Tree) Leaf Oil**;Citrus Aurantium Bergamia (Bergamot) Fruit Oil*;Pelargonium Graveolens Flower Oil**;Rosmarinus Officinalis (Rosemary) Leaf Oil**;Eucalyptus Globulus Leaf Oil**;Citrus Aurantifolia (Lime) Oil**;PEG-8;Coco-glucoside;Tromethamine;Carbomer;Acrylates/Beheneth-25 Methacrylate Copolymer;PEG-60 Hydrogenated Castor Oil;Methyl Gluceth-20;Propanediol;Dipropylene Glycol;PEG/PPG-17/6 Copolymer;Trisodium EDTA;Perfluorohexane;Perfluoroperhydrophenanthrene;Perfluorodecalin;Perfluorodimethylcyclohexane;Limonene, +Napiers original formula, *Sebum Control Herb Complex, **Fragrances of natural origin,",,,,,,,,,,face mask,nan
Face Mask,SEPHORA COLLECTION,Sleeping Mask - Aloe Vera,4,5.0,"Water, Butylene Glycol, Glycerin, Phenoxyethanol, Acrylates/C10-30 Alkyl Acrylate Crosspolymer, Allantoin, Sodium Hydroxide, Ethylhexylglycerin, Fragrance, PEG-30 Dipolyhydroxystearate, Trideceth-6, Tremella Fuciformis Sporocarp Extract, PEG-40 Hydrogenated Castor Oil, Aloe Barbadensis Leaf Juice, Sodium Hyaluronate.",1,1,1,1,1,sleeping_mask_aloe_vera,sephora_collection,face_mask,sephora_collection_sleeping_mask_aloe_vera,,,,,,,,,,"Butylene Glycol;Glycerin;Phenoxyethanol;Acrylates/C10-30 Alkyl Acrylate Crosspolymer;Allantoin;Sodium Hydroxide;Ethylhexylglycerin;Fragrance;PEG-30 Dipolyhydroxystearate;Trideceth-6;Tremella Fuciformis Sporocarp Extract;PEG-40 Hydrogenated Castor Oil;Aloe Barbadensis Leaf Juice;Sodium Hyaluronate,",,,,,,,,,,face mask,nan
Face Mask,PETER THOMAS ROTH,24K Gold Mask Pure Luxury Lift & Firm Mask,80,3.4,"Glycerin, Water, Sodium Hyaluronate, Caffeine, Olivine Extract, Colloidal Gold, Pentylene Glycol, Carbomer, Sodium Hydroxide, Potassium Sorbate, Sodium Benzoate, Sodium Metabisulfite, Mica, Phenoxyethanol, Gold (Ci 77480), Iron Oxides (Ci 77491), Titanium Dioxide (Ci 77891).",1,1,1,1,1,24k_gold_mask_pure_luxury_lift_firm_mask,peter_thomas_roth,face_mask,peter_thomas_roth_24k_gold_mask_pure_luxury_lift_firm_mask,,,,,,,,,,"Glycerin;Sodium Hyaluronate;Caffeine;Olivine Extract;Colloidal Gold;Pentylene Glycol;Carbomer;Sodium Hydroxide;Potassium Sorbate;Sodium Benzoate;Sodium Metabisulfite;Mica;Phenoxyethanol;Gold (Ci 77480);Iron Oxides (Ci 77491);Titanium Dioxide (Ci 77891),",,,,,,,,,,face mask,nan
Face Mask,SEPHORA COLLECTION,Hydrating Lip Mask,3,3.0,"Water, Butylene Glycol, Glycerin, Propanediol, 1,2-Hexanediol, Olive Oil Glycereth-8 Esters, Phenoxyethanol, Arginine, Carbomer, Xanthan Gum, Allantoin, Panthenol, Sodium Saccharin, Dipotassium Glycyrrhizate, Sodium Citrate, Sodium Hyaluronate, Ethylhexylglycerin, Polysorbate 20, Disodium EDTA, Parfum (Fragrance), Tocopheryl Acetate, Butyrospermum Parkii Butter Extract (Butyrospermum Parkii (Shea Butter) Extract), Leontopodium Alpinum Extract, CI 17200 (Red 33), Sodium Benzoate, Citric Acid, Tocopherol.",0,0,0,0,0,hydrating_lip_mask,sephora_collection,face_mask,sephora_collection_hydrating_lip_mask,,,,,,,,,,"Butylene Glycol;Glycerin;Propanediol;1,2-Hexanediol;Olive Oil Glycereth-8 Esters;Phenoxyethanol;Arginine;Carbomer;Xanthan Gum;Allantoin;Panthenol;Sodium Saccharin;Dipotassium Glycyrrhizate;Sodium Citrate;Sodium Hyaluronate;Ethylhexylglycerin;Polysorbate 20;Disodium EDTA;Parfum (Fragrance);Tocopheryl Acetate;Butyrospermum Parkii Butter Extract (Butyrospermum Parkii (Shea Butter) Extract);Leontopodium Alpinum Extract;CI 17200 (Red 33);Sodium Benzoate;Citric Acid;Tocopherol,",,,,,,,,,,face mask,nan
Face Mask,CLARINS,V-Facial Intensive Wrap,60,4.9,"Water, Glycerin, Kaolin, Alcohol, Cetearyl Ethylhexanoate, Cetearyl Alcohol, Betaine, Cetyl Alcohol, Polymethyl Methacrylate, Butylene Glycol, Caffeine, Glyceryl Stearate, Ci 77891/Titanium Dioxide, Gellan Gum, Dimethicone, Phenoxyisopropanol, Escin, Ethylhexylglycerin, Sodium Cetearyl Sulfate, Sodium Lauryl Sulfate, Sodium Acrylates Copolymer, Hydrogenated Polyisobutene, Disodium Edta, Zingiber Zerumbet Extract, Parfum/Fragrance, Phospholipids, Polyglyceryl-10 Stearate, Helianthus Annuus (Sunflower) Seed Oil, Tromethamine, Alumina, Ethylene Brassylate, Xylitol, Alchemilla Vulgaris Extract, Callicarpa Japonica Fruit Extract.",1,1,1,1,1,v_facial_intensive_wrap,clarins,face_mask,clarins_v_facial_intensive_wrap,,,,,,,,,,"Glycerin;Kaolin;Alcohol;Cetearyl Ethylhexanoate;Cetearyl Alcohol;Betaine;Cetyl Alcohol;Polymethyl Methacrylate;Butylene Glycol;Caffeine;Glyceryl Stearate;Ci 77891/Titanium Dioxide;Gellan Gum;Dimethicone;Phenoxyisopropanol;Escin;Ethylhexylglycerin;Sodium Cetearyl Sulfate;Sodium Lauryl Sulfate;Sodium Acrylates Copolymer;Hydrogenated Polyisobutene;Disodium Edta;Zingiber Zerumbet Extract;Parfum/Fragrance;Phospholipids;Polyglyceryl-10 Stearate;Helianthus Annuus (Sunflower) Seed Oil;Tromethamine;Alumina;Ethylene Brassylate;Xylitol;Alchemilla Vulgaris Extract;Callicarpa Japonica Fruit Extract,",,,,,,,,,,face mask,nan
Face Mask,PERRICONE MD,Cocoa Moisture Mask,69,4.3,"Water, Cetearyl Alcohol, Caprylic/Capric Triglyceride, Capryloyl Glycerin/Sebacic Acid Copolymer, Isopropyl Myristate, Butylene Glycol, Glycerin, Polysorbate 60, Mannitol, Iron Oxides (CI 77491, CI 77492, CI 77499), Cellulose, Tocopheryl Acetate, Dimethyl MEA, Thioctic Acid, Hydroxyacetophenone, Squalane, Hydrolyzed Hyaluronic Acid, Tyrosine, Papain, Bromelain, Ethylhexylglycerin, Theobroma Cacao (Cocoa) Extract, Sodium Hyaluronate, Magnesium Aspartate, Zinc Gluconate, Copper Gluconate, Lecithin, Sodium Benzotriazolyl Butylphenol Sulfonate, Aminomethyl Propanol, Maltodextrin, Ceteareth-20, Buteth-3, Acrylates/C10-30 Alkyl Acrylate Crosspolymer, Sodium Acrylates/Beheneth-25 Methacrylate Crosspolymer, Propylene Glycol, Acrylates Copolymer, Polyacrylate Crosspolymer-6, Hydrogenated Polydecene, Lauryl Glucoside, Hydroxypropyl Methylcellulose, Tributyl Citrate, Phenoxyethanol, Fragrance, Titanium Dioxide (CI 77891), Barium Sulfate, Caramel, Silica, Benzyl Alcohol, Benzyl Benzoate.",1,1,1,0,1,cocoa_moisture_mask,perricone_md,face_mask,perricone_md_cocoa_moisture_mask,,,,,,,,,,"Cetearyl Alcohol;Caprylic/Capric Triglyceride;Capryloyl Glycerin/Sebacic Acid Copolymer;Isopropyl Myristate;Butylene Glycol;Glycerin;Polysorbate 60;Mannitol;Iron Oxides (CI 77491;CI 77492;CI 77499);Cellulose;Tocopheryl Acetate;Dimethyl MEA;Thioctic Acid;Hydroxyacetophenone;Squalane;Hydrolyzed Hyaluronic Acid;Tyrosine;Papain;Bromelain;Ethylhexylglycerin;Theobroma Cacao (Cocoa) Extract;Sodium Hyaluronate;Magnesium Aspartate;Zinc Gluconate;Copper Gluconate;Lecithin;Sodium Benzotriazolyl Butylphenol Sulfonate;Aminomethyl Propanol;Maltodextrin;Ceteareth-20;Buteth-3;Acrylates/C10-30 Alkyl Acrylate Crosspolymer;Sodium Acrylates/Beheneth-25 Methacrylate Crosspolymer;Propylene Glycol;Acrylates Copolymer;Polyacrylate Crosspolymer-6;Hydrogenated Polydecene;Lauryl Glucoside;Hydroxypropyl Methylcellulose;Tributyl Citrate;Phenoxyethanol;Fragrance;Titanium Dioxide (CI 77891);Barium Sulfate;Caramel;Silica;Benzyl Alcohol;Benzyl Benzoate,",,,,,,,,,,face mask,nan
Face Mask,DR. JART+,Shake & Shot™ Rubber Brightening Mask,12,4.3,"-Vitamin C (Ascorbic Acid): Brightens the look of skin tone and texture. -Sea Buckthorn Fruit Extract: Is rich in vitamins to help provide an antioxidant effect and brighten skin tone. -Grapefruit Extract: Smooths, energizes, and revitalizes dull and dark skin. STEP 01 Super Booster: Cetyl Ethylhexanoate, PEG-8 Glyceryl Isostearate, Phenoxyethanol, Ethylhexylglycerin, Citrus Aurantium Bergamia (Bergamot) Fruit Oil, Trihydroxystearin, Silica Dimethyl Silylate, Algin, Tetrapotassium Pyrophosphate, Calcium Sulfate. STEP 02 Brightening Liquid Ampoule: Water, Niacinamide, Niacinamide, Calcium Pantothenate, Sodium Ascorbyl Phosphate, Tocopheryl Acetate, Pyridoxine HCl, Sodium Starch Octenylsuccinate, Maltodextrin, Silica, Water, Hippophae Rhamnoides Fruit Extract, Glycerin, Butylene Glycol, Phenoxyethanol, Citrus Paradisi (Grapefruit), Fruit Extract, 1,2-Hexanediol, Butylene Glycol, Water, PVP, Fullerenes, Dipropylene Glycol, PEG-60 Hydrogenated Castor Oil, Phenoxyethanol, Ethylhexylglycerin, Citrus Aurantium Bergamia (Bergamot) Fruit Oil, Butylene Glycol, Coptis Japonica Extract, Cyanocobalamin.",1,1,1,1,1,shake_shot_rubber_brightening_mask,dr._jart,face_mask,dr._jart_shake_shot_rubber_brightening_mask,,,,,,,,,,"-Vitamin C (Ascorbic Acid): Brightens the look of skin tone and texture, -Sea Buckthorn Fruit Extract: Is rich in vitamins to help provide an antioxidant effect and brighten skin tone, -Grapefruit Extract: Smooths;energizes;and revitalizes dull and dark skin, STEP 01 Super Booster: Cetyl Ethylhexanoate;PEG-8 Glyceryl Isostearate;Phenoxyethanol;Ethylhexylglycerin;Citrus Aurantium Bergamia (Bergamot) Fruit Oil;Trihydroxystearin;Silica Dimethyl Silylate;Algin;Tetrapotassium Pyrophosphate;Calcium Sulfate, STEP 02 Brightening Liquid Ampoule: Water;Niacinamide;Niacinamide;Calcium Pantothenate;Sodium Ascorbyl Phosphate;Tocopheryl Acetate;Pyridoxine HCl;Sodium Starch Octenylsuccinate;Maltodextrin;Silica;Hippophae Rhamnoides Fruit Extract;Glycerin;Butylene Glycol;Phenoxyethanol;Citrus Paradisi (Grapefruit);Fruit Extract;1,2-Hexanediol;Butylene Glycol;PVP;Fullerenes;Dipropylene Glycol;PEG-60 Hydrogenated Castor Oil;Phenoxyethanol;Ethylhexylglycerin;Citrus Aurantium Bergamia (Bergamot) Fruit Oil;Butylene Glycol;Coptis Japonica Extract;Cyanocobalamin,",,,,,,,,,,face mask,nan
Face Mask,SEPHORA COLLECTION,Face Mask - Lotus,6,4.2,"Water, Butylene Glycol, Glycerin, Peg-40 Hydrogenated Castor Oil, Phenoxyethanol, Glycosyl Trehalose, Aloe Barbadensis Leaf Juice, Triethanolamine, Hydrogenated Starch Hydrolysate, Oryza Sativa (Rice) Extract, Acrylates/C10-30 Alkyl Acrylate Crosspolymer, Tremella Fuciformis (Mushroom) Extract, Fragrance, Piroctone Olamine, Nymphaea Alba Flower Extract, Maltodextrin, Polyquaternium-51, Brassica Oleracea Italica (Broccoli) Sprout Extract, Peg-30 Dipolyhydroxystearate, Trideceth-6, Citric Acid, Potassium Sorbate, Sodium Benzoate.",0,0,0,0,0,face_mask_lotus,sephora_collection,face_mask,sephora_collection_face_mask_lotus,,,,,,,,,,"Butylene Glycol;Glycerin;Peg-40 Hydrogenated Castor Oil;Phenoxyethanol;Glycosyl Trehalose;Aloe Barbadensis Leaf Juice;Triethanolamine;Hydrogenated Starch Hydrolysate;Oryza Sativa (Rice) Extract;Acrylates/C10-30 Alkyl Acrylate Crosspolymer;Tremella Fuciformis (Mushroom) Extract;Fragrance;Piroctone Olamine;Nymphaea Alba Flower Extract;Maltodextrin;Polyquaternium-51;Brassica Oleracea Italica (Broccoli) Sprout Extract;Peg-30 Dipolyhydroxystearate;Trideceth-6;Citric Acid;Potassium Sorbate;Sodium Benzoate,",,,,,,,,,,face mask,nan
Face Mask,DR. JART+,Firm Lover Rubber Mask,12,4.0,"Water, Methylpropanediol, Chondrus Crispus Extract, Glycerin, 1,2-Hexanediol, Algin, Calcium Lactate, Butylene Glycol, Porphyra Yezoensis Extract,Gelidium Cartilagineum Extract, Dipotassium Glycyrrhizate, Panthenol, Allantoin,PEG-60 Hydrogenated Castor Oil, Titanium Dioxide, Polymethylsilsesquioxane, EcliptaProstrata Extract, Melia Azadirachta Leaf Extract, Moringa Oleifera Seed Oil, Silica,Rosmarinus Officinalis (Rosemary) Leaf Oil, Disodium EDTA, Ceratonia Siliqua Gum,Sucrose, Potassium Chloride, Xanthan Gum, Citric Acid, Sodium Citrate, Phenoxyethanol,Ethylhexylglycerin.",1,1,1,1,1,firm_lover_rubber_mask,dr._jart,face_mask,dr._jart_firm_lover_rubber_mask,,,,,,,,,,"Methylpropanediol;Chondrus Crispus Extract;Glycerin;1,2-Hexanediol;Algin;Calcium Lactate;Butylene Glycol;Porphyra Yezoensis Extract;Gelidium Cartilagineum Extract;Dipotassium Glycyrrhizate;Panthenol;Allantoin;PEG-60 Hydrogenated Castor Oil;Titanium Dioxide;Polymethylsilsesquioxane;EcliptaProstrata Extract;Melia Azadirachta Leaf Extract;Moringa Oleifera Seed Oil;Silica;Rosmarinus Officinalis (Rosemary) Leaf Oil;Disodium EDTA;Ceratonia Siliqua Gum;Sucrose;Potassium Chloride;Xanthan Gum;Citric Acid;Sodium Citrate;Phenoxyethanol;Ethylhexylglycerin,",,,,,,,,,,face mask,nan
Face Mask,DR. JART+,Dermask Ultra Jet Porecting Solution Bubbling Charcoal Sheet Mask,9,3.9,"Water, Methylpropanediol, Glycerin, Ethyl Perfluoroisobutyl Ether, Ethyl Perfluorobutyl Ether, Sapindus Mukorossi Fruit Extract, Acrylates Copolymer, Betaine, Hydroxyacetophenone, Polyacrylamide, C13-14 Isoparaffin, Tromethamine, Dimethicone, Allantoin, Laureth-7, 1,2 Hexanediol, Ethylhexyglcerin, Adenosine, Citrus Aurantium Dulcis (Orange) Oil, Butylene Glycol, Lonicera Japonica (Honeysuckle) Flower Extract, Polyglyceryl-10 Stearate, Lonicera Caprifolium (Honeysuckle) Flower Extract, Disodium EDTA, Helianthus Annuus (Sunflower) Seed Oil, Rhus Semialata Gall Extract, Glyceryl Acrylate/Acrylic Acid Copolymer, Althaea Rosea Flower Extract, Hydrogenated Lecithin, Caffeine, Alcohol, Pelargonium Graveolens Flower Oil, Caning Odonata Flower Oil, Citrus Aurantium Bergamia (Bergamot) Fruit Oil, Propanediol, Lecithin, Pistachio Lentiscus (Mastic) Gum, Rosa Damascena Flower Oil, Melaleuca Viridiflora Leaf Oil, Butyl Avocadate, Iris Ensata Extract, Maltodextrin, Mooring Pterygosperma Seed Extract, Asparagus Officinalis Stem Extract, Eucalyptus Globulus Leaf Extract, Calcium Clubonate, Gluconolacctone, Potassium Sorbet, Sodium Benzoate, Propyl Gallate.",1,1,1,1,1,dermask_ultra_jet_porecting_solution_bubbling_charcoal_sheet_mask,dr._jart,face_mask,dr._jart_dermask_ultra_jet_porecting_solution_bubbling_charcoal_sheet_mask,,,,,,,,,,"Methylpropanediol;Glycerin;Ethyl Perfluoroisobutyl Ether;Ethyl Perfluorobutyl Ether;Sapindus Mukorossi Fruit Extract;Acrylates Copolymer;Betaine;Hydroxyacetophenone;Polyacrylamide;C13-14 Isoparaffin;Tromethamine;Dimethicone;Allantoin;Laureth-7;1;2 Hexanediol;Ethylhexyglcerin;Adenosine;Citrus Aurantium Dulcis (Orange) Oil;Butylene Glycol;Lonicera Japonica (Honeysuckle) Flower Extract;Polyglyceryl-10 Stearate;Lonicera Caprifolium (Honeysuckle) Flower Extract;Disodium EDTA;Helianthus Annuus (Sunflower) Seed Oil;Rhus Semialata Gall Extract;Glyceryl Acrylate/Acrylic Acid Copolymer;Althaea Rosea Flower Extract;Hydrogenated Lecithin;Caffeine;Alcohol;Pelargonium Graveolens Flower Oil;Caning Odonata Flower Oil;Citrus Aurantium Bergamia (Bergamot) Fruit Oil;Propanediol;Lecithin;Pistachio Lentiscus (Mastic) Gum;Rosa Damascena Flower Oil;Melaleuca Viridiflora Leaf Oil;Butyl Avocadate;Iris Ensata Extract;Maltodextrin;Mooring Pterygosperma Seed Extract;Asparagus Officinalis Stem Extract;Eucalyptus Globulus Leaf Extract;Calcium Clubonate;Gluconolacctone;Potassium Sorbet;Sodium Benzoate;Propyl Gallate,",,,,,,,,,,face mask,nan
Face Mask,SATURDAY SKIN,Quench Intense Hydration Mask,6,4.3,"Saccharomyces Ferment, Water, Methylpropanediol,1,2-Hexanediol, Alcohol, Glycerin, Dipropylene Glycol, Butylene Glycol, Citrullus Vulgaris (Watermelon) Fruit Extract, Aloe Barbadensis leaf Extract, Sodium Hyaluronate, Citrus Medica Limonum (Lemon) Peel Oil, Juniperus Mexicana Oil, Lavandula Angustifolia (Lavender) Oil, Rosmarinus Officinalis (Rosemary) Leaf Oil, Eucalyptus Globulus Leaf Oil, Citrus Aurantium Dulcis (Orange) Peel Oil, Citrus Grandis (Grapefruit) Peel Oil, Hydrogenated Lecithin, Cholesterol, sh-Polypeptide-1, sh-Polypeptide-8, sh-Polypeptide-9, sh-Polypeptide-45, sh-Polypeptide-22, sh-Oligopeptide-1, sh-Oligopeptide-2, PEG-800, Polysorbate 20, Carbomer, Disodium EDTA, Potassium Hydroxide, Ethylhexylglycerin.",1,1,1,1,1,quench_intense_hydration_mask,saturday_skin,face_mask,saturday_skin_quench_intense_hydration_mask,,,,,,,,,,"Saccharomyces Ferment;Methylpropanediol;1,2-Hexanediol;Alcohol;Glycerin;Dipropylene Glycol;Butylene Glycol;Citrullus Vulgaris (Watermelon) Fruit Extract;Aloe Barbadensis leaf Extract;Sodium Hyaluronate;Citrus Medica Limonum (Lemon) Peel Oil;Juniperus Mexicana Oil;Lavandula Angustifolia (Lavender) Oil;Rosmarinus Officinalis (Rosemary) Leaf Oil;Eucalyptus Globulus Leaf Oil;Citrus Aurantium Dulcis (Orange) Peel Oil;Citrus Grandis (Grapefruit) Peel Oil;Hydrogenated Lecithin;Cholesterol;sh-Polypeptide-1;sh-Polypeptide-8;sh-Polypeptide-9;sh-Polypeptide-45;sh-Polypeptide-22;sh-Oligopeptide-1;sh-Oligopeptide-2;PEG-800;Polysorbate 20;Carbomer;Disodium EDTA;Potassium Hydroxide;Ethylhexylglycerin,",,,,,,,,,,face mask,nan
Face Mask,BLITHE,Soothing & Healing Green Tea Splash Mask,45,4.6,"Water, Lactic Acid, Vaccinium Myrtillus Fruit Extract, Saccharum Officinarum (Sugar Cane) Extract, Citrus Aurantium Dulcis (Orange) Fruit Extract, Citrus Limon (Lemon) Fruit Extract, Acer Saccharum (Sugar Maple) Extract, Panthenol, PPG-26-Buteth-26, PEG-40 Hydrogenated castor oil, 1,2-Hexanediol, Sodium Lactate, Camellia Sinensis Leaf Extract, Gardenia Florida Fruit Extract, Lavandula Angustifolia (Lavender) Oil, Carthamus Tinctorius (Safflower) Flower Extract, Dextrin, Melaleuca Alternifolia (Tea Tree) Leaf Oil, Salicylic Acid.",1,0,1,1,0,soothing_healing_green_tea_splash_mask,blithe,face_mask,blithe_soothing_healing_green_tea_splash_mask,,,,,,,,,,"Lactic Acid;Vaccinium Myrtillus Fruit Extract;Saccharum Officinarum (Sugar Cane) Extract;Citrus Aurantium Dulcis (Orange) Fruit Extract;Citrus Limon (Lemon) Fruit Extract;Acer Saccharum (Sugar Maple) Extract;Panthenol;PPG-26-Buteth-26;PEG-40 Hydrogenated castor oil;1,2-Hexanediol;Sodium Lactate;Camellia Sinensis Leaf Extract;Gardenia Florida Fruit Extract;Lavandula Angustifolia (Lavender) Oil;Carthamus Tinctorius (Safflower) Flower Extract;Dextrin;Melaleuca Alternifolia (Tea Tree) Leaf Oil;Salicylic Acid,",,,,,,,,,,face mask,nan
Face Mask,DR. BRANDT SKINCARE,pores no more® Vacuum Cleaner® Pore Purifying Mask,42,4.1,"Water, Silica, Butylene Glycol, Benzyl Alcohol, Mannitol, Alcohol Denat., Xanthan Gum, Cellulose, Lavandula Angustifolia (Lavender) Oil, Glycolic Acid, Menthone Glycerin Acetal, Enantia Chlorantha Bark Extract, Sodium Hydroxide, Disodium Edta, Glycerin, Salicylic Acid, Oleanolic Acid, Acrylates Copolymer, Caprylic/Capric Triglyceride, Tocopheryl Acetate, Hydroxypropyl Methylcellulose, Iris Florentina Root Extract, Sodium Benzoate, Potassium Sorbate, Rosa Multiflora (Rose) Fruit Extract, Ci 77007 (Ultramarines), Ci 77891 (Titanium Dioxide) , Ci 77120 (Barium Sulfate).",1,0,0,1,0,pores_no_more_vacuum_cleaner_pore_purifying_mask,dr._brandt_skincare,face_mask,dr._brandt_skincare_pores_no_more_vacuum_cleaner_pore_purifying_mask,,,,,,,,,,"Silica;Butylene Glycol;Benzyl Alcohol;Mannitol;Alcohol Denat,;Xanthan Gum;Cellulose;Lavandula Angustifolia (Lavender) Oil;Glycolic Acid;Menthone Glycerin Acetal;Enantia Chlorantha Bark Extract;Sodium Hydroxide;Disodium Edta;Glycerin;Salicylic Acid;Oleanolic Acid;Acrylates Copolymer;Caprylic/Capric Triglyceride;Tocopheryl Acetate;Hydroxypropyl Methylcellulose;Iris Florentina Root Extract;Sodium Benzoate;Potassium Sorbate;Rosa Multiflora (Rose) Fruit Extract;Ci 77007 (Ultramarines);Ci 77891 (Titanium Dioxide);Ci 77120 (Barium Sulfate),",,,,,,,,,,face mask,nan
Face Mask,CLARINS,Extra-Firming Mask,76,4.9,"Water, Glycerin, Caprylic/Capric Triglyceride, Alcohol, Jojobaesters, Butyrospermum Parkii (Shea) Butter, Polyglycerin-3, Palmitoylglycine, Pentaerythrityl Tetraisostearate, Glyceryl Stearate Se, Phenoxyethanol. Acrylates/C10-30 Alkyl Acrylate Crosspolymer, Fragrance, Butyleneglycol, Ethylhexylglycerin, Sodium Polyacrylate, Tocopheryl Acetate, Sodiumhydroxide, Sodium Hyaluronate, Acacia Decurrens Flower Wax, Helianthusannuus (Sunflower) Seed Wax, Musa Sapientum (Banana) Fruit Extract, Thymuscitriodorus Flower/Leaf Extract, Malpighia Emarginata (Acerola) Seed Extract. Furcellaria Lumbricalis Extract, Ci 17200/Red 33, Potassium Sorbate, Ci 42090/Blue 1, Sea Salt.",1,1,1,1,1,extra_firming_mask,clarins,face_mask,clarins_extra_firming_mask,,,,,,,,,,"Glycerin;Caprylic/Capric Triglyceride;Alcohol;Jojobaesters;Butyrospermum Parkii (Shea) Butter;Polyglycerin-3;Palmitoylglycine;Pentaerythrityl Tetraisostearate;Glyceryl Stearate Se;Phenoxyethanol, Acrylates/C10-30 Alkyl Acrylate Crosspolymer;Fragrance;Butyleneglycol;Ethylhexylglycerin;Sodium Polyacrylate;Tocopheryl Acetate;Sodiumhydroxide;Sodium Hyaluronate;Acacia Decurrens Flower Wax;Helianthusannuus (Sunflower) Seed Wax;Musa Sapientum (Banana) Fruit Extract;Thymuscitriodorus Flower/Leaf Extract;Malpighia Emarginata (Acerola) Seed Extract, Furcellaria Lumbricalis Extract;Ci 17200/Red 33;Potassium Sorbate;Ci 42090/Blue 1;Sea Salt,",,,,,,,,,,face mask,nan
Face Mask,SEPHORA COLLECTION,Lip Mask,3,3.2,"Water, Butylene Glycol, Glycerin, Propanediol, Arginine, Carbomer, Xanthan Gum, Panthenol, Allantoin, Sodium Hyaluronate, Sodium Citrate, Phenoxyethanol, Dipotassium Glycyrrhizate, Polysorbate 20, Disodium EDTA, Tocopheryl Acetate, Mangifera Indica (Mango) Fruit Extract, Leontopodium Alpinum Extract, Rosa Centifolia Flower Extract.",0,0,0,0,0,lip_mask,sephora_collection,face_mask,sephora_collection_lip_mask,,,,,,,,,,"Butylene Glycol;Glycerin;Propanediol;Arginine;Carbomer;Xanthan Gum;Panthenol;Allantoin;Sodium Hyaluronate;Sodium Citrate;Phenoxyethanol;Dipotassium Glycyrrhizate;Polysorbate 20;Disodium EDTA;Tocopheryl Acetate;Mangifera Indica (Mango) Fruit Extract;Leontopodium Alpinum Extract;Rosa Centifolia Flower Extract,",,,,,,,,,,face mask,nan
Face Mask,GLAMGLOW,BUBBLESHEET™ Oxygenating Deep Cleanse Mask - Breast Cancer Awareness Edition,9,5.0,"Water, Glycerin, Methyl Perfluorobutyl Ether, Acrylates Copolymer, Cocamidopropyl Betaine, Disodium Cocoamphodiacetate, Lauryl Glucoside, Retinyl Palmitate, Allantoin, Arginine, Camellia Sinensis Leaf Extract, Helianthus Annuus (Sunflower) Seed Oil, Ascorbyl Glucoside, Ethylhexylglycerin, Ceramide Np, Sodium Pca, Sodium Chloride, Saccharide Isomerate, Polyquaternium- 10, Potassium Cocoyl Glycinate, Potassium Cocoate, Hexylene Glycol, Butylene Glycol, Citric Acid, Hydroxyethyl Urea, Citrus Limon (Lemon) Peel Oil, Limonene, Citral, Sodium Citrate, Disodium Edta, Phenoxyethanol.",1,1,1,1,0,bubblesheet_oxygenating_deep_cleanse_mask_breast_cancer_awareness_edition,glamglow,face_mask,glamglow_bubblesheet_oxygenating_deep_cleanse_mask_breast_cancer_awareness_edition,,,,,,,,,,"Glycerin;Methyl Perfluorobutyl Ether;Acrylates Copolymer;Cocamidopropyl Betaine;Disodium Cocoamphodiacetate;Lauryl Glucoside;Retinyl Palmitate;Allantoin;Arginine;Camellia Sinensis Leaf Extract;Helianthus Annuus (Sunflower) Seed Oil;Ascorbyl Glucoside;Ethylhexylglycerin;Ceramide Np;Sodium Pca;Sodium Chloride;Saccharide Isomerate;Polyquaternium- 10;Potassium Cocoyl Glycinate;Potassium Cocoate;Hexylene Glycol;Butylene Glycol;Citric Acid;Hydroxyethyl Urea;Citrus Limon (Lemon) Peel Oil;Limonene;Citral;Sodium Citrate;Disodium Edta;Phenoxyethanol,",,,,,,,,,,face mask,nan
Face Mask,SEPHORA COLLECTION,Polishing Mask,20,3.7,"Water, Paraffin, Alcohol, Microcrystalline Cellulose, Kaolin, Propanediol, PEG-32, Oryza Sativa Starch (Oryza Sativa (Rice) Starch), PEG-100 Stearate, Glyceryl Stearate, Pullulan, Magnesium Aluminum Silicate, Glyceryl Caprylate, Beheneth-25, Carbomer, Phenoxyethanol, Fragrance, Allantoin, Sodium Hydroxide, Tocopherol, Helianthus Annuus Seed Oil (Helianthus Annuus (Sunflower) Seed Oil), Citric Acid, CI 42090 (Blue 1), CI 19140 (Yellow 5).",0,0,0,0,0,polishing_mask,sephora_collection,face_mask,sephora_collection_polishing_mask,,,,,,,,,,"Paraffin;Alcohol;Microcrystalline Cellulose;Kaolin;Propanediol;PEG-32;Oryza Sativa Starch (Oryza Sativa (Rice) Starch);PEG-100 Stearate;Glyceryl Stearate;Pullulan;Magnesium Aluminum Silicate;Glyceryl Caprylate;Beheneth-25;Carbomer;Phenoxyethanol;Fragrance;Allantoin;Sodium Hydroxide;Tocopherol;Helianthus Annuus Seed Oil (Helianthus Annuus (Sunflower) Seed Oil);Citric Acid;CI 42090 (Blue 1);CI 19140 (Yellow 5),",,,,,,,,,,face mask,nan
Face Mask,OMOROVICZA,Midnight Radiance Mask,125,5.0,"Water, Glycerin, Propanediol, Alcohol Denat., Yeast Extract, Sodium Levulinate, Sclerotium Gum, Carbomer, Chondrus Crispus Powder (Carrageenan), Sodium Anisate, Ethylhexylglycerin, Kaolin, Benzyl Alcohol, Salix Nigra (Willow) Bark Extract, Caprylyl/Capryl Glucoside, Salicylic Acid, Sodium Hydroxide, Parfum (Fragrance), Copper Gluconate, Sodium Hyaluronate, Phospholipids, Leuconostoc/Radish Root Ferment Filtrate, Benzyl Salicylate, Linalool, Limonene, Pancratium Maritimum Extract, Geraniol, Citronellol, Helianthus Annuus (Sunflower) Seed Oil.",1,0,1,1,0,midnight_radiance_mask,omorovicza,face_mask,omorovicza_midnight_radiance_mask,,,,,,,,,,"Glycerin;Propanediol;Alcohol Denat,;Yeast Extract;Sodium Levulinate;Sclerotium Gum;Carbomer;Chondrus Crispus Powder (Carrageenan);Sodium Anisate;Ethylhexylglycerin;Kaolin;Benzyl Alcohol;Salix Nigra (Willow) Bark Extract;Caprylyl/Capryl Glucoside;Salicylic Acid;Sodium Hydroxide;Parfum (Fragrance);Copper Gluconate;Sodium Hyaluronate;Phospholipids;Leuconostoc/Radish Root Ferment Filtrate;Benzyl Salicylate;Linalool;Limonene;Pancratium Maritimum Extract;Geraniol;Citronellol;Helianthus Annuus (Sunflower) Seed Oil,",,,,,,,,,,face mask,nan
Face Mask,ALGENIST,PERFECT Clarifying Pore Corrector Mask,55,4.5,"Water, Kaolin, Glycerin, Ammonium Acryloyldimethyltaurate/VP Copolymer, Magnesium Aluminum Silicate, Polysorbate 20, Euterpe Oleracea Pulp Powder, Algae Exopolysaccharides, Aloe Barbadensis Leaf Juice Powder, Sulfur, Ahnfeltia Concinna Extract, Salix Alba (Willow) Bark Extract, Salicylic Acid, Pseudoalteromonas Ferment Extract, Maltodextrin, Lens Esculenta (Lentil) Fruit Extract, Calcium Carbonate, Xanthan Gum, Menthyl Lactate, Quartz, Titanium Dioxide, Citric Acid, Sodium Citrate, Eucalyptus Globulus Leaf Oil, Ethylhexylglycerin, Caprylyl Glycol, Hexylene Glycol, Potassium Sorbate, Sodium Salicylate, Phenoxyethanol, Fragrance, Iron Oxides (CI 77499, CI 77491).",0,0,0,0,0,perfect_clarifying_pore_corrector_mask,algenist,face_mask,algenist_perfect_clarifying_pore_corrector_mask,,,,,,,,,,"Kaolin;Glycerin;Ammonium Acryloyldimethyltaurate/VP Copolymer;Magnesium Aluminum Silicate;Polysorbate 20;Euterpe Oleracea Pulp Powder;Algae Exopolysaccharides;Aloe Barbadensis Leaf Juice Powder;Sulfur;Ahnfeltia Concinna Extract;Salix Alba (Willow) Bark Extract;Salicylic Acid;Pseudoalteromonas Ferment Extract;Maltodextrin;Lens Esculenta (Lentil) Fruit Extract;Calcium Carbonate;Xanthan Gum;Menthyl Lactate;Quartz;Titanium Dioxide;Citric Acid;Sodium Citrate;Eucalyptus Globulus Leaf Oil;Ethylhexylglycerin;Caprylyl Glycol;Hexylene Glycol;Potassium Sorbate;Sodium Salicylate;Phenoxyethanol;Fragrance;Iron Oxides (CI 77499;CI 77491),",,,,,,,,,,face mask,nan
Face Mask,SEPHORA COLLECTION,Gel Mask Hydrating & Quenching,20,4.8,"Water, Dimethicone, Glycerin, Sodium Chloride, Dimethicone/PEG-10/15 Crosspolymer, Phenoxyethanol, PEG-10 Dimethicone, Fragrance, Alcohol, Crithmum Maritimum Extract, Dipropylene Glycol, Zinc Gluconate, Magnesium Aspartate, Sodium Hyaluronate, Citric Acid, Sodium Citrate, Sodium Benzoate, Potassium Sorbate, Copper Gluconate, Tocopherol, CI 42090 (Blue 1), CI 60730 (Ext. Violet 2).",0,0,0,0,0,gel_mask_hydrating_quenching,sephora_collection,face_mask,sephora_collection_gel_mask_hydrating_quenching,,,,,,,,,,"Dimethicone;Glycerin;Sodium Chloride;Dimethicone/PEG-10/15 Crosspolymer;Phenoxyethanol;PEG-10 Dimethicone;Fragrance;Alcohol;Crithmum Maritimum Extract;Dipropylene Glycol;Zinc Gluconate;Magnesium Aspartate;Sodium Hyaluronate;Citric Acid;Sodium Citrate;Sodium Benzoate;Potassium Sorbate;Copper Gluconate;Tocopherol;CI 42090 (Blue 1);CI 60730 (Ext, Violet 2),",,,,,,,,,,face mask,nan
Face Mask,OLEHENRIKSEN,Hygge HydraClay™ Detox Mask,32,4.2,"Water, Kaolin, Prunus Amygdalus Dulcis (Sweet Almond) Oil, Glycerin, Cetyl Alcohol, Caprylic/Capric Triglyceride, Helianthus Annuus (Sunflower) Seed Oil, Glyceryl Stearate SE, Magnesium Aluminum Silicate, Titanium Dioxide (CI 77891), Ceteareth-20, Dimethicone, Phenoxyethanol, Bisabolol, Tocopheryl Acetate, Sodium Benzoate, Parfum/Fragrance, Caprylyl Glycol, Algae Extract, Allantoin, Borago Officinalis Seed Oil, Chamomilla Recutita (Matricaria) Flower Extract, Ethylhexylglycerin, Hexylene Glycol, Potassium Sorbate, Simmondsia Chinensis (Jojoba) Seed Oil, Vitis Vinifera (Grape) Seed Oil, Oenothera Biennis (Evening Primrose) Seed Extract, Aloe Barbadensis Leaf Extract, Tocopherol, Ascorbyl Palmitate, Hydroxycitronellal, Linalool.",1,1,1,1,1,hygge_hydraclay_detox_mask,olehenriksen,face_mask,olehenriksen_hygge_hydraclay_detox_mask,,,,,,,,,,"Kaolin;Prunus Amygdalus Dulcis (Sweet Almond) Oil;Glycerin;Cetyl Alcohol;Caprylic/Capric Triglyceride;Helianthus Annuus (Sunflower) Seed Oil;Glyceryl Stearate SE;Magnesium Aluminum Silicate;Titanium Dioxide (CI 77891);Ceteareth-20;Dimethicone;Phenoxyethanol;Bisabolol;Tocopheryl Acetate;Sodium Benzoate;Parfum/Fragrance;Caprylyl Glycol;Algae Extract;Allantoin;Borago Officinalis Seed Oil;Chamomilla Recutita (Matricaria) Flower Extract;Ethylhexylglycerin;Hexylene Glycol;Potassium Sorbate;Simmondsia Chinensis (Jojoba) Seed Oil;Vitis Vinifera (Grape) Seed Oil;Oenothera Biennis (Evening Primrose) Seed Extract;Aloe Barbadensis Leaf Extract;Tocopherol;Ascorbyl Palmitate;Hydroxycitronellal;Linalool,",,,,,,,,,,face mask,nan
Face Mask,DR. DENNIS GROSS SKINCARE,Hyaluronic Marine Hydrating Modeling Mask,48,4.1,"Glucose, Calcium Sulfate, Tetrasodium Pyrophosphate, Magnesium Oxide.",1,1,1,0,0,hyaluronic_marine_hydrating_modeling_mask,dr._dennis_gross_skincare,face_mask,dr._dennis_gross_skincare_hyaluronic_marine_hydrating_modeling_mask,,,,,,,,,,"Glucose;Calcium Sulfate;Tetrasodium Pyrophosphate;Magnesium Oxide,",,,,,,,,,,face mask,nan
Face Mask,FIRST AID BEAUTY,Skin Rescue Purifying Mask With Red Clay,30,4.0,"Water, Polyvinyl Alcohol, Glycerin, Illite, Lactobacillus Ferment, Glycereth-26, Polysorbate 20, Ppg-20 Methyl Glucose Ether, Rosmarinus Officinalis (Rosemary) Leaf Oil, Camellia Sinensis Leaf Extract, Chrysanthemum Parthenium (Feverfew) Extract, Glycyrrhiza Glabra (Licorice) Root Extract, Sodium Ascorbyl Phosphate, Allantoin, Bisabolol, Acrylates/C10-30 Alkyl Acrylate Crosspolymer, Montmorillonite, Sodium Hydroxide, Mica, Phenoxyethanol, Iron Oxides (Ci 77491).",1,1,1,1,1,skin_rescue_purifying_mask_with_red_clay,first_aid_beauty,face_mask,first_aid_beauty_skin_rescue_purifying_mask_with_red_clay,,,,,,,,,,"Polyvinyl Alcohol;Glycerin;Illite;Lactobacillus Ferment;Glycereth-26;Polysorbate 20;Ppg-20 Methyl Glucose Ether;Rosmarinus Officinalis (Rosemary) Leaf Oil;Camellia Sinensis Leaf Extract;Chrysanthemum Parthenium (Feverfew) Extract;Glycyrrhiza Glabra (Licorice) Root Extract;Sodium Ascorbyl Phosphate;Allantoin;Bisabolol;Acrylates/C10-30 Alkyl Acrylate Crosspolymer;Montmorillonite;Sodium Hydroxide;Mica;Phenoxyethanol;Iron Oxides (Ci 77491),",,,,,,,,,,face mask,nan
Face Mask,REN CLEAN SKINCARE,Flash Rinse 1 Minute Facial,48,3.9,"Coconut Alkanes, Ascorbic Acid, Coco-Caprylate/ Caprate, Silica, Sodium Cocoyl Glutamate, Mannitol, Citrus Aurantium Dulcis (Orange) Flower Oil, Yeast Extract, Helianthus Annuus (Sunflower) Seed Oil, Boswellia Carterii Oil, Boswellia Serrata Extract, Azulene, Magnesium Ascorbyl Phosphate, Glycogen, Daucus Carota Sativa (Carrot) Root Extract, Daucus Carota Sativa (Carrot) Seed Oil, Beta-Carotene, Ascorbyl Palmitate, Limonene.",0,0,0,0,0,flash_rinse_1_minute_facial,ren_clean_skincare,face_mask,ren_clean_skincare_flash_rinse_1_minute_facial,1.0,174.0,6368.0,3.8966,2.5,Treatments,19.2,2.24,2.73,"Coconut Alkanes;Ascorbic Acid;Coco-Caprylate/ Caprate;Silica;Sodium Cocoyl Glutamate;Mannitol;Citrus Aurantium Dulcis (Orange) Flower Oil;Yeast Extract;Helianthus Annuus (Sunflower) Seed Oil;Boswellia Carterii Oil;Boswellia Serrata Extract;Azulene;Magnesium Ascorbyl Phosphate;Glycogen;Daucus Carota Sativa (Carrot) Root Extract;Daucus Carota Sativa (Carrot) Seed Oil;Beta-Carotene;Ascorbyl Palmitate;Limonene,",1.0,174.0,6368.0,3.8966,2.5,Treatments,19.2,2.24,2.73,face mask,Low (3k - 7k)
Face Mask,LANEIGE,Water Pocket Sheet Mask Sleeping Mask (Replenishing),6,4.8,"Water, Dipropylene Glycol, Glycerin, 1,2-Hexanediol, Phenoxyethanol, Carbomer, Tromethamine, Bis-PEG-18 Methyl Ether Dimethyl Silane, PEG-60 Hydrogenated Castor Oil, Ethylhexylglycerin, Adenosine, Xanthan Gum, Fragrance, Disodium EDTA, Malpighia Emarginata (Acerola) Fruit Extract, Euterpe Oleracea Fruit Extract, Propanediol, 1, 2-Hexanediol, Ethylhexylglycerin, Sodium Magnesium Silicate, Disodium EDTA, Glutathione.",1,1,1,1,1,water_pocket_sheet_mask_sleeping_mask,laneige,face_mask,laneige_water_pocket_sheet_mask_sleeping_mask,,,,,,,,,,"Dipropylene Glycol;Glycerin;1,2-Hexanediol;Phenoxyethanol;Carbomer;Tromethamine;Bis-PEG-18 Methyl Ether Dimethyl Silane;PEG-60 Hydrogenated Castor Oil;Ethylhexylglycerin;Adenosine;Xanthan Gum;Fragrance;Disodium EDTA;Malpighia Emarginata (Acerola) Fruit Extract;Euterpe Oleracea Fruit Extract;Propanediol;1;2-Hexanediol;Ethylhexylglycerin;Sodium Magnesium Silicate;Disodium EDTA;Glutathione,",,,,,,,,,,face mask,nan
Face Mask,KIEHL'S SINCE 1851,Cilantro & Orange Extract Pollutant Defending Mask,39,4.1,"Water, Propanediol, Shea Butter, Glycerin, Cetearyl Alcohol, Arginine, Glyceryl Stearate, Apricot Kernel Oil, Lauroyl Lysine, Vaccinium Myrtillus Fruit Extract, Olive Fruit Oil, Cetearyl Glucoside, Squalane, Neohesperidin Dihydrochalcone, Coriander Seed Oil, Tocopherol, Sugar Cane Extract, Sclerotium Gum, Caprylyl Glycol, Ferulic Acid, Orange Fruit Water, Lemon Fruit Extract, Xanthan Gum, Lavender Oil, Peppermint Oil, Rice Bran Oil, Sugar Maple Extract, Ci 77288, Chromium Oxide Greens, Linalool, Sunflower Seed Oil, Phytic Acid, Limonene, Citral, Geraniol, Citric Acid.",1,1,1,1,1,cilantro_orange_extract_pollutant_defending_mask,kiehl's_since_1851,face_mask,kiehl's_since_1851_cilantro_orange_extract_pollutant_defending_mask,,,,,,,,,,"Propanediol;Shea Butter;Glycerin;Cetearyl Alcohol;Arginine;Glyceryl Stearate;Apricot Kernel Oil;Lauroyl Lysine;Vaccinium Myrtillus Fruit Extract;Olive Fruit Oil;Cetearyl Glucoside;Squalane;Neohesperidin Dihydrochalcone;Coriander Seed Oil;Tocopherol;Sugar Cane Extract;Sclerotium Gum;Caprylyl Glycol;Ferulic Acid;Orange Fruit Water;Lemon Fruit Extract;Xanthan Gum;Lavender Oil;Peppermint Oil;Rice Bran Oil;Sugar Maple Extract;Ci 77288;Chromium Oxide Greens;Linalool;Sunflower Seed Oil;Phytic Acid;Limonene;Citral;Geraniol;Citric Acid,",,,,,,,,,,face mask,nan
Face Mask,AMOREPACIFIC,TIME RESPONSE Vintage Wash-off Masque,170,5.0,"Camellia Sinensis Leaf Water, Propanediol, Glycerin, Butylene Glycol, Alcohol, Camellia Sinensis Leaf, Epigallocatechin Gallate, Camellia Sinensis Callus Culture Conditioned Media, Camellia Sinensis Callus Culture Extract, Hydrolyzed Camellia Sinensis Seed Extract, Bacillus Ferment, Methoxy Peg-114/Polyepsilon Caprolactone, Glyceryl Caprylate, Dextrin, Ammonium Acryloyldimethyltaurate/Vp Copolymer, Carbomer, Theobroma Cacao (Cocoa) Extract, Tromethamine, Peg-60 Hydrogenated Castor Oil, Hydroxyethyl Acrylate/Sodium Acryloyldimethyl Taurate Copolymer, Water, Disodium Edta, Phenoxyethanol, Fragrance.",1,1,1,1,0,time_response_vintage_wash_off_masque,amorepacific,face_mask,amorepacific_time_response_vintage_wash_off_masque,,,,,,,,,,"Camellia Sinensis Leaf Water;Propanediol;Glycerin;Butylene Glycol;Alcohol;Camellia Sinensis Leaf;Epigallocatechin Gallate;Camellia Sinensis Callus Culture Conditioned Media;Camellia Sinensis Callus Culture Extract;Hydrolyzed Camellia Sinensis Seed Extract;Bacillus Ferment;Methoxy Peg-114/Polyepsilon Caprolactone;Glyceryl Caprylate;Dextrin;Ammonium Acryloyldimethyltaurate/Vp Copolymer;Carbomer;Theobroma Cacao (Cocoa) Extract;Tromethamine;Peg-60 Hydrogenated Castor Oil;Hydroxyethyl Acrylate/Sodium Acryloyldimethyl Taurate Copolymer;Disodium Edta;Phenoxyethanol;Fragrance,",,,,,,,,,,face mask,nan
Face Mask,DR. JART+,Shake & Shot™ Rubber Soothing Mask,12,4.3,"-Vitamin K3 (menadione): Comfortably restores sensitive skin with a soothing effect. -Guava Leaf Extract: Rich in antioxidant vitamins that provide a protective, regeneration effect. -Aloe Vera Leaf Extract: Provides an excellent cooling and soothing benefit. STEP 01 Super Booster: Cetyl Ethylhexanoate, PEG-8 Glyceryl Isostearate, Phenoxyethanol, Ethylhexylglycerin, Citrus Aurantium Bergamia (Bergamot) Fruit Oil, Trihydroxystearin, Silica Dimethyl Silylate, Algin, Tetrapotassium Pyrophosphate, Calcium Sulfate. STEP 02 Soothing Liquid Ampoule: Water, Dipropylene Glycol, Aloe Barbadensis Leaf Extract, Psidium Guajava Leaf Extract, Guaiazulene, Menadione, PEG-60 Hydrogenated Castor Oil, Butylene Glycol, Citrus Aurantium Bergamia (Bergamot) Fruit Oil, Gardenia Florida Fruit Extract, Coptis Japonica Extract, 1,2-Hexanediol, Glycerin, Caprylic/Capric Triglyceride, Hydrogenated Lecithin, Polyglyceryl-10, Diisostearate, Phenoxyethanol, Ethylhexylglycerin.",1,1,1,1,1,shake_shot_rubber_soothing_mask,dr._jart,face_mask,dr._jart_shake_shot_rubber_soothing_mask,,,,,,,,,,"-Vitamin K3 (menadione): Comfortably restores sensitive skin with a soothing effect, -Guava Leaf Extract: Rich in antioxidant vitamins that provide a protective;regeneration effect, -Aloe Vera Leaf Extract: Provides an excellent cooling and soothing benefit, STEP 01 Super Booster: Cetyl Ethylhexanoate;PEG-8 Glyceryl Isostearate;Phenoxyethanol;Ethylhexylglycerin;Citrus Aurantium Bergamia (Bergamot) Fruit Oil;Trihydroxystearin;Silica Dimethyl Silylate;Algin;Tetrapotassium Pyrophosphate;Calcium Sulfate, STEP 02 Soothing Liquid Ampoule: Water;Dipropylene Glycol;Aloe Barbadensis Leaf Extract;Psidium Guajava Leaf Extract;Guaiazulene;Menadione;PEG-60 Hydrogenated Castor Oil;Butylene Glycol;Citrus Aurantium Bergamia (Bergamot) Fruit Oil;Gardenia Florida Fruit Extract;Coptis Japonica Extract;1,2-Hexanediol;Glycerin;Caprylic/Capric Triglyceride;Hydrogenated Lecithin;Polyglyceryl-10;Diisostearate;Phenoxyethanol;Ethylhexylglycerin,",,,,,,,,,,face mask,nan
Face Mask,BOBBI BROWN,Skin Nourish Coral Grass & Green Algae Moisture Face Mask,51,4.6,"Water, Caprylic/Capric Triglyceride, Prunus Amygdalus Dulcis (Sweet Almond) Oil, Isostearyl Neopentanoate, Peg-100 Stearate, Butylene Glycol, Squalane, Glyceryl Stearate, Isopropyl Isostearate, Peg-40 Stearate, Cetearyl Alcohol, Polysorbate 60, Glycerin, Chlorella Vulgaris Extract, Sigesbeckia Orientalis (St. Paul'S Wort) Extract, Hordeum Vulgare (Barley) Extract/Extrait D'Orge, Cucumis Sativus (Cucumber) Fruit Extract, Citrus Grandis (Grapefruit) Peel Oil, Lavandula Angustifolia (Lavender) Oil, Laminaria Digitata Extract, Caffeine, Algae Extract, Methyldihydrojasmonate, Oryza Sativa (Rice) Bran Oil, Astrocaryum Murumuru Seed Butter, Rosmarinus Officinalis (Rosemary), Salicornia Herbacea Extract, Propylene Glycol Dicaprate, Acetyl Glucosamine, Phytosphingosine, Sodium Hyaluronate, Ethylhexylglycerin, Whey Protein/Lactis Protein/Proteine Du Petit-Lait, Helianthus Annuus (Sunflower) Seedcake, Isohexadecane, Caprylyl Glycol, Trehalose, Sodium Pca, Oryzanol, Sorbitan Oleate, Polysorbate 80, Sodium Hydroxide, Tetrahexyldecyl Ascorbate, Nylon-12, Carbomer, Tocopheryl Acetate, Acrylamide/Sodium Acryloyldimethyltaurate Copolymer, Sodium Acrylates/Acrylonitrogens Copolymer, Disodium Edta, Phenoxyethanol, Chlorphenesin, Linalool, Limonene, Yellow 6 (Ci 15985), Blue 1 (Ci 42090), Titanium Dioxide (Ci 77891), Red 4 (Ci 14700)",0,0,0,0,0,skin_nourish_coral_grass_green_algae_moisture_face_mask,bobbi_brown,face_mask,bobbi_brown_skin_nourish_coral_grass_green_algae_moisture_face_mask,,,,,,,,,,"Caprylic/Capric Triglyceride;Prunus Amygdalus Dulcis (Sweet Almond) Oil;Isostearyl Neopentanoate;Peg-100 Stearate;Butylene Glycol;Squalane;Glyceryl Stearate;Isopropyl Isostearate;Peg-40 Stearate;Cetearyl Alcohol;Polysorbate 60;Glycerin;Chlorella Vulgaris Extract;Sigesbeckia Orientalis (St, Paul'S Wort) Extract;Hordeum Vulgare (Barley) Extract/Extrait D'Orge;Cucumis Sativus (Cucumber) Fruit Extract;Citrus Grandis (Grapefruit) Peel Oil;Lavandula Angustifolia (Lavender) Oil;Laminaria Digitata Extract;Caffeine;Algae Extract;Methyldihydrojasmonate;Oryza Sativa (Rice) Bran Oil;Astrocaryum Murumuru Seed Butter;Rosmarinus Officinalis (Rosemary);Salicornia Herbacea Extract;Propylene Glycol Dicaprate;Acetyl Glucosamine;Phytosphingosine;Sodium Hyaluronate;Ethylhexylglycerin;Whey Protein/Lactis Protein/Proteine Du Petit-Lait;Helianthus Annuus (Sunflower) Seedcake;Isohexadecane;Caprylyl Glycol;Trehalose;Sodium Pca;Oryzanol;Sorbitan Oleate;Polysorbate 80;Sodium Hydroxide;Tetrahexyldecyl Ascorbate;Nylon-12;Carbomer;Tocopheryl Acetate;Acrylamide/Sodium Acryloyldimethyltaurate Copolymer;Sodium Acrylates/Acrylonitrogens Copolymer;Disodium Edta;Phenoxyethanol;Chlorphenesin;Linalool;Limonene;Yellow 6 (Ci 15985);Blue 1 (Ci 42090);Titanium Dioxide (Ci 77891);Red 4 (Ci 14700)",,,,,,,,,,face mask,nan
Face Mask,CLINIQUE,Pore Refining Solutions Charcoal Mask,28,4.4,"Water , Kaolin , Butylene Glycol , Bentonite , Montmorillonite , Polysorbate 20 , Peg-100 Stearate , Glycerin , Charcoal Powder , Laminaria Saccharina Extract , Caffeine , Lecithin , Sucrose , Propylene Glycol Laurate , Ethylhexylglycerin , Caprylyl Glycol , Propylene Glycol Stearate , Sodium Hyaluronate , Simethicone , Sorbitan Laurate , Peg-150 Distearate , Hexylene Glycol , Xanthan Gum , Galactoarabinan , Trisodium Edta , Phenoxyethanol , Iron Oxides (Ci 77499)",0,0,0,0,0,pore_refining_solutions_charcoal_mask,clinique,face_mask,clinique_pore_refining_solutions_charcoal_mask,,,,,,,,,,Kaolin;Butylene Glycol;Bentonite;Montmorillonite;Polysorbate 20;Peg-100 Stearate;Glycerin;Charcoal Powder;Laminaria Saccharina Extract;Caffeine;Lecithin;Sucrose;Propylene Glycol Laurate;Ethylhexylglycerin;Caprylyl Glycol;Propylene Glycol Stearate;Sodium Hyaluronate;Simethicone;Sorbitan Laurate;Peg-150 Distearate;Hexylene Glycol;Xanthan Gum;Galactoarabinan;Trisodium Edta;Phenoxyethanol;Iron Oxides (Ci 77499),,,,,,,,,,face mask,nan
Face Mask,FOREO,H2Overdose Mask,19,5.0,-Hyaluronic Acid -Ceramide,1,1,1,1,1,h2overdose_mask,foreo,face_mask,foreo_h2overdose_mask,,,,,,,,,,-Hyaluronic Acid -Ceramide,,,,,,,,,,face mask,nan
Face Mask,DR. BRANDT SKINCARE,MAGNETIGHT™ Age-Defier Mask Bundle,75,4.0,"PoreDermabrasion Pore Perfecting Exfoliator: Water, Alumina, Glycerin, Butylene Glycol, Lactobacillus Ferment, Carica Papaya (Papaya) Fruit Extract, Carbomer, Methyl Gluceth-20, Lens Esculenta (Lentil) Fruit Extract, Microcitrus Australasica Fruit Extract, Lactobacillus/Pumpkin Fruit Ferment Filtrate, Amyris Balsamifera Bark Oil, Citrus Aurantium Bergamia (Bergamot) Fruit Oil, Eugenia Caryophyllus (Clove) Leaf Oil, Jasminum Officinale (Jasmine) Oil, Lavandula Angustifolia (Lavender) Oil, Citrus Limon (Lemon) Peel Oil, Mentha Piperita (Peppermint) Oil, Rosa Damascena Flower Oil, Caprylic/Capric Triglyceride, Allantoin, Xanthan Gum, Sodium Hyaluronate, Salicylic Acid, Methyl Methacrylate Crosspolymer, Alcohol Denat., Sodium Hydroxide, Leuconostoc/Radish Root Ferment Filtrate, Phenoxyethanol, Ethylhexylglycerin, Iron Oxide (Ci 77491), Sodium Oxide. MAGNETIGHT Age-Defier™: Iron Powder, Dimethicone, Polysilicone-11, Nylon-12, C12-15 Alkyl Benzoate, Silica, Tribehenin, Polymethylsilsesquioxane, Peg-10 Dimethicone, Polysorbate 40, Hdi/Trimethylol Hexyllactone Crosspolymer, Ceramide Ng, Peg-10 Phytosterol, Tourmaline, Lavandula Angustifolia (Lavender) Oil, Isohexadecane, Ammonium Polyacryloyldimethyl Taurate, Citrus Aurantium Bergamia (Bergamot) Fruit Oil, Palmitoyl Hexapeptide-12, Pelargonium Graveolens (Geranium) Flower Oil, Dimethylmethoxy Chromanol, Anthemis Nobilis (Chamomile) Flower Oil, Limonene, Linalool, Citronellol, Geraniol. Pores No More Pore Refiner Primer: Cyclopentasiloxane, Dimethicone Crosspolymer, Methyl Methacrylate Crosspolymer, Lauryl Peg/Ppg-18/18 Methicone, Peg/Ppg-18/18 Dimethicone, Cyclotetrasiloxane, Magnesium Silicate, Calcium Aluminum Borosilicate, Dimethicone/Vinyl Dimethicone Crosspolymer, Linum Usitatissimum (Linseed) Seed Extract, Dimethyl Oxobenzo Dioxasilane, Ethylhexyl Palmitate, Phenoxyethanol, Lavandula Angustifolia (Lavender) Oil, Silica Dimethyl Silylate, Melaleuca Alternifolia (Tea Tree) Leaf Oil, Silica, Triethoxycaprylylsilane, Caprylyl Glycol, Propylene Glycol, Titanium Dioxide (Ci 77891), Iron Oxides (Ci 77491, Ci 77492, Ci 77499).",1,1,1,1,1,magnetight_age_defier_mask_bundle,dr._brandt_skincare,face_mask,dr._brandt_skincare_magnetight_age_defier_mask_bundle,,,,,,,,,,"PoreDermabrasion Pore Perfecting Exfoliator: Water;Alumina;Glycerin;Butylene Glycol;Lactobacillus Ferment;Carica Papaya (Papaya) Fruit Extract;Carbomer;Methyl Gluceth-20;Lens Esculenta (Lentil) Fruit Extract;Microcitrus Australasica Fruit Extract;Lactobacillus/Pumpkin Fruit Ferment Filtrate;Amyris Balsamifera Bark Oil;Citrus Aurantium Bergamia (Bergamot) Fruit Oil;Eugenia Caryophyllus (Clove) Leaf Oil;Jasminum Officinale (Jasmine) Oil;Lavandula Angustifolia (Lavender) Oil;Citrus Limon (Lemon) Peel Oil;Mentha Piperita (Peppermint) Oil;Rosa Damascena Flower Oil;Caprylic/Capric Triglyceride;Allantoin;Xanthan Gum;Sodium Hyaluronate;Salicylic Acid;Methyl Methacrylate Crosspolymer;Alcohol Denat,;Sodium Hydroxide;Leuconostoc/Radish Root Ferment Filtrate;Phenoxyethanol;Ethylhexylglycerin;Iron Oxide (Ci 77491);Sodium Oxide, MAGNETIGHT Age-Defier™: Iron Powder;Dimethicone;Polysilicone-11;Nylon-12;C12-15 Alkyl Benzoate;Silica;Tribehenin;Polymethylsilsesquioxane;Peg-10 Dimethicone;Polysorbate 40;Hdi/Trimethylol Hexyllactone Crosspolymer;Ceramide Ng;Peg-10 Phytosterol;Tourmaline;Lavandula Angustifolia (Lavender) Oil;Isohexadecane;Ammonium Polyacryloyldimethyl Taurate;Citrus Aurantium Bergamia (Bergamot) Fruit Oil;Palmitoyl Hexapeptide-12;Pelargonium Graveolens (Geranium) Flower Oil;Dimethylmethoxy Chromanol;Anthemis Nobilis (Chamomile) Flower Oil;Limonene;Linalool;Citronellol;Geraniol, Pores No More Pore Refiner Primer: Cyclopentasiloxane;Dimethicone Crosspolymer;Methyl Methacrylate Crosspolymer;Lauryl Peg/Ppg-18/18 Methicone;Peg/Ppg-18/18 Dimethicone;Cyclotetrasiloxane;Magnesium Silicate;Calcium Aluminum Borosilicate;Dimethicone/Vinyl Dimethicone Crosspolymer;Linum Usitatissimum (Linseed) Seed Extract;Dimethyl Oxobenzo Dioxasilane;Ethylhexyl Palmitate;Phenoxyethanol;Lavandula Angustifolia (Lavender) Oil;Silica Dimethyl Silylate;Melaleuca Alternifolia (Tea Tree) Leaf Oil;Silica;Triethoxycaprylylsilane;Caprylyl Glycol;Propylene Glycol;Titanium Dioxide (Ci 77891);Iron Oxides (Ci 77491;Ci 77492;Ci 77499),",0.0,272.0,18403.0,3.9338,3.0,,25.0,1.45,1.48,face mask,nan
Face Mask,PETER THOMAS ROTH,Hungarian Thermal Water Mineral-Rich Atomic Heat Mask,58,4.0,"Magnesium Sulfate, Butyrospermum Parkii (Shea) Butter, Butylene Glycol, Dimethicone, Shea Butter Glycerides, Caprylic/Capric Triglyceride, Ceteareth-20, Kaolin, Zeolite, Helianthus Annuus (Sunflower) Seed Oil, Prunus Armeniaca (Apricot) Kernel Oil, Prunus Persica (Peach) Kernel Oil, Rosa Moschata Seed Oil, Prunus Amygdalus Dulcis (Sweet Almond) Oil, Simmondsia Chinensis (Jojoba) Seed Oil, Glycine Soja (Soybean) Oil, Honey (Mel), Elaeis Guineensis (Palm) Butter, Punica Granatum Fruit Juice, Fagus Sylvatica Bud Extract, Sambucus Nigra Fruit Extract, Rosmarinus Officinalis (Rosemary) Leaf Extract, Tocopherol, Glycerin, Illite, Squalane, Hydrogenated Vegetable Oil, Lecithin, Ethylhexyl Palmitate, Dipropylene Glycol, Dimethicone/PEG-10/15 Crosspolymer, Polysilicone-11, Lauryl PEG-9 Polydimethylsiloxyethyl Dimethicone, Water/Aqua/Eau, Ethoxydiglycol, Propylene Glycol, Sodium Citrate, Benzyl Alcohol, Benzoic Acid, Sodium Benzoate, Potassium Sorbate, Phenoxyethanol.",1,1,1,1,1,hungarian_thermal_water_mineral_rich_atomic_heat_mask,peter_thomas_roth,face_mask,peter_thomas_roth_hungarian_thermal_water_mineral_rich_atomic_heat_mask,,,,,,,,,,"Magnesium Sulfate;Butyrospermum Parkii (Shea) Butter;Butylene Glycol;Dimethicone;Shea Butter Glycerides;Caprylic/Capric Triglyceride;Ceteareth-20;Kaolin;Zeolite;Helianthus Annuus (Sunflower) Seed Oil;Prunus Armeniaca (Apricot) Kernel Oil;Prunus Persica (Peach) Kernel Oil;Rosa Moschata Seed Oil;Prunus Amygdalus Dulcis (Sweet Almond) Oil;Simmondsia Chinensis (Jojoba) Seed Oil;Glycine Soja (Soybean) Oil;Honey (Mel);Elaeis Guineensis (Palm) Butter;Punica Granatum Fruit Juice;Fagus Sylvatica Bud Extract;Sambucus Nigra Fruit Extract;Rosmarinus Officinalis (Rosemary) Leaf Extract;Tocopherol;Glycerin;Illite;Squalane;Hydrogenated Vegetable Oil;Lecithin;Ethylhexyl Palmitate;Dipropylene Glycol;Dimethicone/PEG-10/15 Crosspolymer;Polysilicone-11;Lauryl PEG-9 Polydimethylsiloxyethyl Dimethicone;Water/Aqua/Eau;Ethoxydiglycol;Propylene Glycol;Sodium Citrate;Benzyl Alcohol;Benzoic Acid;Sodium Benzoate;Potassium Sorbate;Phenoxyethanol,",,,,,,,,,,face mask,nan
Face Mask,FIRST AID BEAUTY,Hello FAB Ginger & Turmeric Vitamin C Jelly Mask,32,4.4,"Water, Butylene Glycol, Carbomer, Curcuma Longa (Turmeric) Root Extract, Selaginella Lepidophylla Extract, Zingiber Officinale (Ginger) Root Extract, Ascorbyl Glucoside, Beta Vulgaris (Beet) Root Extract (Extrait de Racine de Betterave), Glycyrrhiza Glabra (Licorice) Root Extract, Chrysanthemum Parthenium (Feverfew) Extract, Camellia Sinensis Leaf Extract, Alteromonas Ferment Filtrate, Glycerin, Hydrolyzed Corn Starch, Allantoin, Sodium PCA, Zingiber Officinale (Ginger) Root Oil, Thymus Vulgaris (Thyme) Flower/Leaf Oil, Myrtus Communis Oil, Eugenia Caryophyllus (Clove) Bud Oil, Eucalyptus Globulus Leaf Oil, Elettaria Cardamomum Seed Oil, Eugenia Caryophyllus (Clove) Leaf Oil, Citrus Limon (Lemon) Peel Oil, Citrus Aurantifolia (Lime) Oil, Biosaccharide Gum-1, Lactic Acid, P-Anisic Acid, Phenoxyethanol, Disodium EDTA, Lactobacillus Ferment, Sorbitan Oleate Decylglucoside Crosspolymer, Citric Acid, Sodium Hydroxide, Potassium Hydroxide, Terpineol Acetate, Linalyl Acetate, Geranyl Acetate, CI 75120 (Annatto).",1,1,1,1,1,hello_fab_ginger_turmeric_vitamin_c_jelly_mask,first_aid_beauty,face_mask,first_aid_beauty_hello_fab_ginger_turmeric_vitamin_c_jelly_mask,,,,,,,,,,"Butylene Glycol;Carbomer;Curcuma Longa (Turmeric) Root Extract;Selaginella Lepidophylla Extract;Zingiber Officinale (Ginger) Root Extract;Ascorbyl Glucoside;Beta Vulgaris (Beet) Root Extract (Extrait de Racine de Betterave);Glycyrrhiza Glabra (Licorice) Root Extract;Chrysanthemum Parthenium (Feverfew) Extract;Camellia Sinensis Leaf Extract;Alteromonas Ferment Filtrate;Glycerin;Hydrolyzed Corn Starch;Allantoin;Sodium PCA;Zingiber Officinale (Ginger) Root Oil;Thymus Vulgaris (Thyme) Flower/Leaf Oil;Myrtus Communis Oil;Eugenia Caryophyllus (Clove) Bud Oil;Eucalyptus Globulus Leaf Oil;Elettaria Cardamomum Seed Oil;Eugenia Caryophyllus (Clove) Leaf Oil;Citrus Limon (Lemon) Peel Oil;Citrus Aurantifolia (Lime) Oil;Biosaccharide Gum-1;Lactic Acid;P-Anisic Acid;Phenoxyethanol;Disodium EDTA;Lactobacillus Ferment;Sorbitan Oleate Decylglucoside Crosspolymer;Citric Acid;Sodium Hydroxide;Potassium Hydroxide;Terpineol Acetate;Linalyl Acetate;Geranyl Acetate;CI 75120 (Annatto),",,,,,,,,,,face mask,nan
Face Mask,AMOREPACIFIC,MOISTURE BOUND Intensive Serum Masque,32,3.8,"Phyllostachis Bambusoides Juice, Alcohol, Glycerin, Butylene Glycol, Lactobacillus/Water Hyacinth Ferment, Hydrolyzed Phyllostachis Bambusoides, Hydrolyzed Camellia Sinensis Leaf, Glycine Soja (Soybean) Seed Extract, Nelumbo Nucifera Flower Extract, Opuntia Coccinellifera Fruit Extract, Camellia Sinensis Leaf Extract, Tricholoma Matsutake Extract, Daucus Carota Sativa (Carrot) Root Extract, Zingiber Officinale (Ginger) Root Extract, Camellia Sinensis Flower Extract, Theanine, Betaine, Natto Gum, Beta-Glucan, Peg-60 Hydrogenated Castor Oil, Phenyl Trimethicone, Polyacrylate-13, Polyisobutene, Dipotassium Glycyrrhizate, Glyceryl Caprylate, Xanthan Gum, Polysorbate 20, Peg-15 Pentaerythrityl Tetra (Laureth-6 Carboxylate), Propanediol, Stearyl Behenate, Mannitol, Polyglyceryl-3 Methylglucose Distearate, Phytantriol, Hydroxypropyl Bispalmitamide Mea, Poloxamer 407, Inulin Lauryl Carbamate, Zinc Gluconate, Magnesium Aspartate, Ammonium Acryloyldimethyltaurate/Vp Copolymer, Copper Gluconate, Calcium Gluconate, Caffeine, Epigallocatechin Gallate, Kaempferol, Disodium Edta, Phenoxyethanol, Fragrance",0,0,0,0,0,moisture_bound_intensive_serum_masque,amorepacific,face_mask,amorepacific_moisture_bound_intensive_serum_masque,,,,,,,,,,Phyllostachis Bambusoides Juice;Alcohol;Glycerin;Butylene Glycol;Lactobacillus/Water Hyacinth Ferment;Hydrolyzed Phyllostachis Bambusoides;Hydrolyzed Camellia Sinensis Leaf;Glycine Soja (Soybean) Seed Extract;Nelumbo Nucifera Flower Extract;Opuntia Coccinellifera Fruit Extract;Camellia Sinensis Leaf Extract;Tricholoma Matsutake Extract;Daucus Carota Sativa (Carrot) Root Extract;Zingiber Officinale (Ginger) Root Extract;Camellia Sinensis Flower Extract;Theanine;Betaine;Natto Gum;Beta-Glucan;Peg-60 Hydrogenated Castor Oil;Phenyl Trimethicone;Polyacrylate-13;Polyisobutene;Dipotassium Glycyrrhizate;Glyceryl Caprylate;Xanthan Gum;Polysorbate 20;Peg-15 Pentaerythrityl Tetra (Laureth-6 Carboxylate);Propanediol;Stearyl Behenate;Mannitol;Polyglyceryl-3 Methylglucose Distearate;Phytantriol;Hydroxypropyl Bispalmitamide Mea;Poloxamer 407;Inulin Lauryl Carbamate;Zinc Gluconate;Magnesium Aspartate;Ammonium Acryloyldimethyltaurate/Vp Copolymer;Copper Gluconate;Calcium Gluconate;Caffeine;Epigallocatechin Gallate;Kaempferol;Disodium Edta;Phenoxyethanol;Fragrance,,,,,,,,,,face mask,nan
Face Mask,DIOR,Capture Totale Dreamskin 1-Minute Mask,75,3.8,Visit the Dior boutique,1,1,1,1,1,capture_totale_dreamskin_1_minute_mask,dior,face_mask,dior_capture_totale_dreamskin_1_minute_mask,,,,,,,,,,Visit the Dior boutique,,,,,,,,,,face mask,nan
Face Mask,MURAD,Pore Extractor Pomegranate Mask,38,4.1,"Water, Sodium C14-16 Olefin Sulfonate, Bentonite, Butylene Glycol, Jojoba Esters, Glyceryl Stearate, PEG-100 Stearate, Cetearyl Alcohol, Titanium Dioxide (CI 77891), Polylactic Acid, Sodium Palmamphoacetate, Hydrolyzed Jojoba Esters, Kaolin, Methyl Gluceth-20, Lithium Magnesium Sodium Silicate, Polysorbate 20, Punica Granatum Extract, Schinus Molle Extract, Acacia Concinna Fruit Extract, Balanites Aegyptiaca Fruit Extract, Gypsophila Paniculata Root Extract, Urea, Yeast Amino Acids, Trehalose, Inositol, Taurine, Betaine, Xanthan Gum, Propanediol, Disodium Carboxyethyl Siliconate, Citric Acid, Cocamidopropyl Betaine, Caprylyl Glycol, Chlorphenesin, Phenoxyethanol, Fragrance, Benzyl Salicylate, Geraniol, Limonene, Linalool, Hexyl Cinnamal, Amyl Cinnamal, Red Lake 40 (CI 16035).",1,0,1,1,0,pore_extractor_pomegranate_mask,murad,face_mask,murad_pore_extractor_pomegranate_mask,,,,,,,,,,"Sodium C14-16 Olefin Sulfonate;Bentonite;Butylene Glycol;Jojoba Esters;Glyceryl Stearate;PEG-100 Stearate;Cetearyl Alcohol;Titanium Dioxide (CI 77891);Polylactic Acid;Sodium Palmamphoacetate;Hydrolyzed Jojoba Esters;Kaolin;Methyl Gluceth-20;Lithium Magnesium Sodium Silicate;Polysorbate 20;Punica Granatum Extract;Schinus Molle Extract;Acacia Concinna Fruit Extract;Balanites Aegyptiaca Fruit Extract;Gypsophila Paniculata Root Extract;Urea;Yeast Amino Acids;Trehalose;Inositol;Taurine;Betaine;Xanthan Gum;Propanediol;Disodium Carboxyethyl Siliconate;Citric Acid;Cocamidopropyl Betaine;Caprylyl Glycol;Chlorphenesin;Phenoxyethanol;Fragrance;Benzyl Salicylate;Geraniol;Limonene;Linalool;Hexyl Cinnamal;Amyl Cinnamal;Red Lake 40 (CI 16035),",,,,,,,,,,face mask,nan
Face Mask,TOO COOL FOR SCHOOL,Pumpkin Sleeping Pack,20,4.3,Visit the Too Cool For School boutique,1,1,1,1,1,pumpkin_sleeping_pack,too_cool_for_school,face_mask,too_cool_for_school_pumpkin_sleeping_pack,,,,,,,,,,Visit the Too Cool For School boutique,,,,,,,,,,face mask,nan
Face Mask,CLINIQUE,Acne Solutions Oil-Control Cleansing Mask,25,4.5,"Water , Kaolin , Butylene Glycol , Magnesium Aluminum Silicate , Sodium Lauroyl Sarcosinate , Glyceryl Stearate , Peg-100 Stearate , Gentiana Lutea (Gentian) Root Extract , Laminaria Saccharina Extract , Sucrose , Chamomilla Recutita (Matricaria) , Algae Extract , Aloe Barbadensis Powder , Acetyl Glucosamine , Inulin , 1,2-Hexanediol , Caprylyl Glycol , Xanthan Gum , Disodium Edta , Chlorphenesin , Phenoxyethanol , Titanium Dioxide (Ci 77891)",0,0,0,0,0,acne_solutions_oil_control_cleansing_mask,clinique,face_mask,clinique_acne_solutions_oil_control_cleansing_mask,0.0,266.0,15066.0,4.4699,3.4,Treatments,7.35,1.68,1.77,"Kaolin;Butylene Glycol;Magnesium Aluminum Silicate;Sodium Lauroyl Sarcosinate;Glyceryl Stearate;Peg-100 Stearate;Gentiana Lutea (Gentian) Root Extract;Laminaria Saccharina Extract;Sucrose;Chamomilla Recutita (Matricaria);Algae Extract;Aloe Barbadensis Powder;Acetyl Glucosamine;Inulin;1,2-Hexanediol;Caprylyl Glycol;Xanthan Gum;Disodium Edta;Chlorphenesin;Phenoxyethanol;Titanium Dioxide (Ci 77891)",0.0,266.0,15066.0,4.4699,3.4,Treatments,7.35,1.68,1.77,face mask,High (13k - 26k)
Face Mask,SEPHORA COLLECTION,Face Mask - Pomegranate,6,4.5,"Water, Butylene Glycol, Glycerin, Peg-40 Hydrogenated Castor Oil, Phenoxyethanol, Aloe Barbadensis Leaf Juice, Triethanolamine, Oryza Sativa (Rice) Extract, Acrylates/C10-30 Alkyl Acrylate Crosspolymer, Tremella Fuciformis (Mushroom) Extract, Fragrance, Piroctone Olamine, Maltodextrin, Punica Granatum Fruit Extract, Polyquaternium-51, Solidago Virgaurea (Goldenrod) Extract, Brassica Oleracea Italica (Broccoli) Sprout Extract, Potassium Sorbate, Peg-30 Dipolyhydroxystearate, Trideceth-6, Citric Acid, Sorbic Acid, Sodium Benzoate.",0,0,0,0,0,face_mask_pomegranate,sephora_collection,face_mask,sephora_collection_face_mask_pomegranate,,,,,,,,,,"Butylene Glycol;Glycerin;Peg-40 Hydrogenated Castor Oil;Phenoxyethanol;Aloe Barbadensis Leaf Juice;Triethanolamine;Oryza Sativa (Rice) Extract;Acrylates/C10-30 Alkyl Acrylate Crosspolymer;Tremella Fuciformis (Mushroom) Extract;Fragrance;Piroctone Olamine;Maltodextrin;Punica Granatum Fruit Extract;Polyquaternium-51;Solidago Virgaurea (Goldenrod) Extract;Brassica Oleracea Italica (Broccoli) Sprout Extract;Potassium Sorbate;Peg-30 Dipolyhydroxystearate;Trideceth-6;Citric Acid;Sorbic Acid;Sodium Benzoate,",,,,,,,,,,face mask,nan
Face Mask,ESTÉE LAUDER,NightWear Plus 3-Minute Detox Mask,47,4.6,"Nightwear Detox Mask Division: El (Estee Lauder)Ingredients: Water , Kaolin , Butylene Glycol , Sodium Myristoyl Sarcosinate , Glycerin , Caprylyl Glycol , Gentiana Lutea (Gentian) Root Extract , Laminaria Saccharina Extract , Caffeine , Sucrose , Thermus Thermophillus Ferment , Alcaligenes Polysaccharides , Ergothioneine , Algae Extract , Dipotassium Glycyrrhizate , Sodium Hyaluronate , Sodium Magnesium Silicate , Xanthan Gum , Tocopheryl Acetate , Sodium Myristate , Tetrahexyldecyl Ascorbate , Citric Acid , Cyclodextrin , Fragrance , Potassium Sorbate , Ethylbisiminomethylguaiacol Manganese Chloride , Disodium Edta , Bht , Phenoxyethanol , Butylphenyl Methylpropional , Benzyl Salicylate , Linalool , Blue 1 (Ci 42090) , Yellow 5 (Ci 19140) , Titanium Dioxide (Ci 77891)",0,0,0,0,0,nightwear_plus_3_minute_detox_mask,estée_lauder,face_mask,estée_lauder_nightwear_plus_3_minute_detox_mask,,,,,,,,,,Nightwear Detox Mask Division: El (Estee Lauder)Ingredients: Water;Kaolin;Butylene Glycol;Sodium Myristoyl Sarcosinate;Glycerin;Caprylyl Glycol;Gentiana Lutea (Gentian) Root Extract;Laminaria Saccharina Extract;Caffeine;Sucrose;Thermus Thermophillus Ferment;Alcaligenes Polysaccharides;Ergothioneine;Algae Extract;Dipotassium Glycyrrhizate;Sodium Hyaluronate;Sodium Magnesium Silicate;Xanthan Gum;Tocopheryl Acetate;Sodium Myristate;Tetrahexyldecyl Ascorbate;Citric Acid;Cyclodextrin;Fragrance;Potassium Sorbate;Ethylbisiminomethylguaiacol Manganese Chloride;Disodium Edta;Bht;Phenoxyethanol;Butylphenyl Methylpropional;Benzyl Salicylate;Linalool;Blue 1 (Ci 42090);Yellow 5 (Ci 19140);Titanium Dioxide (Ci 77891),0.0,50.0,5343.0,4.6,2.5,Moisturizers,18.8,9.2,0.94,face mask,nan
Face Mask,LANCÔME,Hydra Zen Masque Anti-Stress Moisturizing Night Face Mask,48,4.6,Visit the Lancôme boutique,1,1,1,1,1,hydra_zen_masque_anti_stress_moisturizing_night_face_mask,lancôme,face_mask,lancôme_hydra_zen_masque_anti_stress_moisturizing_night_face_mask,,,,,,,,,,Visit the Lancôme boutique,0.0,56.0,1649.0,4.2857,1.7,,28.24,7.65,3.4,face mask,nan
Face Mask,OMOROVICZA,Ultramoor Mud Mask,125,4.5,"-Essential Oils of Sage, Chamomile, Rosemary, Rose Geranium and Camphor: Provide a cooling and soothing effect. -Marine Exopolysaccharides: Create the appearance of plumper skin and diminish the look of fine lines. -Hungarian Moor Mud: Purifies and detoxifies while providing essential minerals calcium, magnesium carbonates, humic acid, and fulvic acid. -Hectorite Clay: Draws out impurities and hydrates the skin. -A Complex of Oligopeptides and Amino Acids: Gently resurface the skin, eliminating dead cells for a brighter, smoother-looking and more even-toned complexion. -Omorovicza’s patented Hydro Mineral Transference™ Delivery System: Leaves skin looking firmer and more supple.",1,1,1,1,0,ultramoor_mud_mask,omorovicza,face_mask,omorovicza_ultramoor_mud_mask,,,,,,,,,,"-Essential Oils of Sage;Chamomile;Rosemary;Rose Geranium and Camphor: Provide a cooling and soothing effect, -Marine Exopolysaccharides: Create the appearance of plumper skin and diminish the look of fine lines, -Hungarian Moor Mud: Purifies and detoxifies while providing essential minerals calcium;magnesium carbonates;humic acid;and fulvic acid, -Hectorite Clay: Draws out impurities and hydrates the skin, -A Complex of Oligopeptides and Amino Acids: Gently resurface the skin;eliminating dead cells for a brighter;smoother-looking and more even-toned complexion, -Omorovicza’s patented Hydro Mineral Transference™ Delivery System: Leaves skin looking firmer and more supple,",,,,,,,,,,face mask,nan
Face Mask,FOREO,Glow Addict Mask,19,0.0,-Pearl Extract -Niacinamide,1,1,1,1,1,glow_addict_mask,foreo,face_mask,foreo_glow_addict_mask,,,,,,,,,,-Pearl Extract -Niacinamide,,,,,,,,,,face mask,nan
Face Mask,DR ROEBUCK’S,Uluru Purifying Mask,28,5.0,"Water, Kaolin, Quartz,Hematite Powder, Kaolin, Iron Hydroxide, Aluminum Hydroxide, Quartz, Glycerin, Helianthus Annuus (Sunflower) Seed Oil, Simmondsia Chinensis (jojoba) Seed Oil, Caprylic/Capric Triglyceride, Cetearyl Glucoside, Cetearyl Alcohol, Ceteareth-20, Cetearyl Olivate, Sorbitan Olivate, Dehydroacetic Acid & Benzyl Alcohol, Purified Water & Glycerine &Terminalia Ferdinandiana (Kakadu Plums) Fruit extract & Citric Acid & Potassium Sorbate & Sodium Benzoate, Canola Oil, Castor Oil, Polyhydroxystearic Acid, Candleilla Wax, Sunflower Wax, Tocopheryl Acetate, Camelina Sativa Seed Oil, Santalum Acuminatum Fruit Extract, Citrus Glauca Fruit Extract, Acacia Victoriae Fruit Extract, Glycerin, Alcohol, Aqua, Glycerin, Arnica Montana Flower Extract, Caprylyl Glycol, Xanthan Gum, Butyrospermum Parkii (Shea) Butter, Citrus Aurantium (Bergamia) Peel Oil.",1,1,1,1,1,uluru_purifying_mask,dr_roebuck’s,face_mask,dr_roebuck’s_uluru_purifying_mask,,,,,,,,,,"Kaolin;Quartz;Hematite Powder;Kaolin;Iron Hydroxide;Aluminum Hydroxide;Quartz;Glycerin;Helianthus Annuus (Sunflower) Seed Oil;Simmondsia Chinensis (jojoba) Seed Oil;Caprylic/Capric Triglyceride;Cetearyl Glucoside;Cetearyl Alcohol;Ceteareth-20;Cetearyl Olivate;Sorbitan Olivate;Dehydroacetic Acid & Benzyl Alcohol;Purified Water & Glycerine &Terminalia Ferdinandiana (Kakadu Plums) Fruit extract & Citric Acid & Potassium Sorbate & Sodium Benzoate;Canola Oil;Castor Oil;Polyhydroxystearic Acid;Candleilla Wax;Sunflower Wax;Tocopheryl Acetate;Camelina Sativa Seed Oil;Santalum Acuminatum Fruit Extract;Citrus Glauca Fruit Extract;Acacia Victoriae Fruit Extract;Glycerin;Alcohol;Glycerin;Arnica Montana Flower Extract;Caprylyl Glycol;Xanthan Gum;Butyrospermum Parkii (Shea) Butter;Citrus Aurantium (Bergamia) Peel Oil,",,,,,,,,,,face mask,nan
Face Mask,BOSCIA,Charcoal Pore-Minimizing Bio-Cellulose Mask,8,4.2,"Water, Dipropylene Glycol, Glycerin, Isopentyldiol, Betaine, 1,2-Hexanediol, Hydroxyacetophenone, Polyglyceryl-10 Laurate, Hydroxyethyl Urea, Hydroxyethyl Acrylate/Sodium Acryloyldimethyl Taurate Copolymer, Acrylates/C10-30 Alkyl Acrylate Crosspolymer, Arginine, Trehalose, Allantoin, Cocos Nucifera (Coconut) Water, Cocos Nucifera (Coconut) Fruit Juice, Butylene Glycol, Dipotassium Glycyrrhizate, Sodium Hyaluronate, Beta-Glucan, Melaleuca Alternifolia (Tea Tree) Leaf Oil, Polysorbate 60, Sorbitan Isostearate, Charcoal Extract.",1,1,1,1,1,charcoal_pore_minimizing_bio_cellulose_mask,boscia,face_mask,boscia_charcoal_pore_minimizing_bio_cellulose_mask,,,,,,,,,,"Dipropylene Glycol;Glycerin;Isopentyldiol;Betaine;1,2-Hexanediol;Hydroxyacetophenone;Polyglyceryl-10 Laurate;Hydroxyethyl Urea;Hydroxyethyl Acrylate/Sodium Acryloyldimethyl Taurate Copolymer;Acrylates/C10-30 Alkyl Acrylate Crosspolymer;Arginine;Trehalose;Allantoin;Cocos Nucifera (Coconut) Water;Cocos Nucifera (Coconut) Fruit Juice;Butylene Glycol;Dipotassium Glycyrrhizate;Sodium Hyaluronate;Beta-Glucan;Melaleuca Alternifolia (Tea Tree) Leaf Oil;Polysorbate 60;Sorbitan Isostearate;Charcoal Extract,",,,,,,,,,,face mask,nan
Face Mask,TOO COOL FOR SCHOOL,Pumpkin 24K Gold Sheet Mask,8,3.6,Visit the Too Cool For School boutique,1,1,1,1,1,pumpkin_24k_gold_sheet_mask,too_cool_for_school,face_mask,too_cool_for_school_pumpkin_24k_gold_sheet_mask,,,,,,,,,,Visit the Too Cool For School boutique,,,,,,,,,,face mask,nan
Face Mask,SKIN INC SUPPLEMENT BAR,Get Glowin’ Brightening Mask,65,3.8,"Water, Sorbitol, Glycerin, Butylene Glycol, Titanium Dioxide, Pentylene Glycol, Magnesium Aluminum Silicate, Carbomer, PVP, Aluminum Silicate, Hydrogenated Lecithin, Potassium Hydroxide, Sodium Trideceth-4 Carboxylate, Ascorbyl Glucoside, Tocopherol, Hydroxyapatite, Scutellaria Baicalensis Root Extract, Aluminum Hydroxide, Potassium DNA, Dipotassium Glycyrrhizate, Panax Ginseng Root Extract, Sodium Hyaluronate, Equisetum Arvense Extract, Morus Alba Root Extract, Pueraria Lobata Root Extract, Natto Gum, Aloe Barbadensis Leaf Extract, Chlorella Vulgaris Extract, Cynara Scolymus (Artichoke) Leaf Extract.",1,1,1,1,1,get_glowin’_brightening_mask,skin_inc_supplement_bar,face_mask,skin_inc_supplement_bar_get_glowin’_brightening_mask,,,,,,,,,,"Sorbitol;Glycerin;Butylene Glycol;Titanium Dioxide;Pentylene Glycol;Magnesium Aluminum Silicate;Carbomer;PVP;Aluminum Silicate;Hydrogenated Lecithin;Potassium Hydroxide;Sodium Trideceth-4 Carboxylate;Ascorbyl Glucoside;Tocopherol;Hydroxyapatite;Scutellaria Baicalensis Root Extract;Aluminum Hydroxide;Potassium DNA;Dipotassium Glycyrrhizate;Panax Ginseng Root Extract;Sodium Hyaluronate;Equisetum Arvense Extract;Morus Alba Root Extract;Pueraria Lobata Root Extract;Natto Gum;Aloe Barbadensis Leaf Extract;Chlorella Vulgaris Extract;Cynara Scolymus (Artichoke) Leaf Extract,",,,,,,,,,,face mask,nan
Face Mask,TARTE,Tight & Bright Clay Multi-Mask,40,4.1,"Water, Glycerin, Mica, Carbomer, Phenoxyethanol, Xylitylglucoside, Anhydroxylitol, Sodium Hyaluronate, Sodium Pca, Butylene Glycol, Sodium Hydroxide, Xylitol, Chamomilla Recutita (Matricaria) Flower Extract, Ethylhexylglycerin, Kaolin, Silica, Boerhavia Diffusa Root Extract, Sodium Carbonate, Tin Oxide, (+/-):Titanium Dioxide (Ci 77891), Iron Oxides (Ci 77491), Manganese Violet (Ci 77742).",1,1,1,1,1,tight_bright_clay_multi_mask,tarte,face_mask,tarte_tight_bright_clay_multi_mask,,,,,,,,,,"Glycerin;Mica;Carbomer;Phenoxyethanol;Xylitylglucoside;Anhydroxylitol;Sodium Hyaluronate;Sodium Pca;Butylene Glycol;Sodium Hydroxide;Xylitol;Chamomilla Recutita (Matricaria) Flower Extract;Ethylhexylglycerin;Kaolin;Silica;Boerhavia Diffusa Root Extract;Sodium Carbonate;Tin Oxide;(+/-):Titanium Dioxide (Ci 77891);Iron Oxides (Ci 77491);Manganese Violet (Ci 77742),",,,,,,,,,,face mask,nan
Face Mask,DR. JART+,All That Contours Hydrogel Expansion Stretch Mask,35,3.3,"Water, Glycerin, Sodium polyacrylate, Butylene glycol, Hydrolyzed Collagen, Phenoxyethanol, Polyacrylic acid, Agar, Silica, Ethyl hexanediol, Tartaric acid, Cetyl ethylhexanoate, 1,2-hexanediol, Polysorbate 80, Aloe barbadensis leaf juice, Disodium EDTA, Adenosine, Aluminum glycinate, Caffeine, Betaine.",1,1,1,1,1,all_that_contours_hydrogel_expansion_stretch_mask,dr._jart,face_mask,dr._jart_all_that_contours_hydrogel_expansion_stretch_mask,,,,,,,,,,"Glycerin;Sodium polyacrylate;Butylene glycol;Hydrolyzed Collagen;Phenoxyethanol;Polyacrylic acid;Agar;Silica;Ethyl hexanediol;Tartaric acid;Cetyl ethylhexanoate;1,2-hexanediol;Polysorbate 80;Aloe barbadensis leaf juice;Disodium EDTA;Adenosine;Aluminum glycinate;Caffeine;Betaine,",,,,,,,,,,face mask,nan
Face Mask,FOREO,Matte Maniac Mask,19,2.8,-Charcoal -Snow Lotus,1,1,1,1,1,matte_maniac_mask,foreo,face_mask,foreo_matte_maniac_mask,,,,,,,,,,-Charcoal -Snow Lotus,,,,,,,,,,face mask,nan
Face Mask,DIOR,Hydra Life Extra Plump Smooth Balm Mask,69,4.6,-Natural White Pine Oil: Comforts and soothes. -Balanced Botanical Blend Including Shea butter and Jojoba: Nourishes the skin.,1,1,1,0,0,hydra_life_extra_plump_smooth_balm_mask,dior,face_mask,dior_hydra_life_extra_plump_smooth_balm_mask,,,,,,,,,,"-Natural White Pine Oil: Comforts and soothes, -Balanced Botanical Blend Including Shea butter and Jojoba: Nourishes the skin,",,,,,,,,,,face mask,nan
Face Mask,DR. JART+,Dermask Micro Jet Brightening Solution™,9,4.0,"Water, Caprylic/Capric Triglyceride, Glycerin, Niacinamide, Dipropylene Glycol, Cetearyl Alcohol, Trehalose, Stearic Acid, Allantoin, Citrus Limon (Lemon) Peel Oil, Citrus Aurantium Bergamia (Bergamot) Fruit Oil, Eucalyptus Globulus Leaf Oil, Rosmarinus Officinalis (Rosemary) Leaf Oil, Lavandula Angustifolia (Lavender) Oil, Citrus Aurantium Dulcis (Orange) Peel Oil, Citrus Grandis (Grapefruit) Peel Oil, Sodium Hyaluronate, Calcium Pantothenate, Sodium Ascorbyl Phosphate, Tocopheryl Acetate, Pyridoxine HCl, Maltodextrin, Sodium Starch Octenylsuccinate, Silica, Glutathione, Bisabolol, Sorbitan Sesquioleate, Glyceryl Stearate, Polysorbate 60, Hydroxyethylcellulose, Carbomer, Triethanolamine, Disodium EDTA, Ethylhexylglycerin, Phenoxyethanol.",1,1,1,1,1,dermask_micro_jet_brightening_solution,dr._jart,face_mask,dr._jart_dermask_micro_jet_brightening_solution,,,,,,,,,,"Caprylic/Capric Triglyceride;Glycerin;Niacinamide;Dipropylene Glycol;Cetearyl Alcohol;Trehalose;Stearic Acid;Allantoin;Citrus Limon (Lemon) Peel Oil;Citrus Aurantium Bergamia (Bergamot) Fruit Oil;Eucalyptus Globulus Leaf Oil;Rosmarinus Officinalis (Rosemary) Leaf Oil;Lavandula Angustifolia (Lavender) Oil;Citrus Aurantium Dulcis (Orange) Peel Oil;Citrus Grandis (Grapefruit) Peel Oil;Sodium Hyaluronate;Calcium Pantothenate;Sodium Ascorbyl Phosphate;Tocopheryl Acetate;Pyridoxine HCl;Maltodextrin;Sodium Starch Octenylsuccinate;Silica;Glutathione;Bisabolol;Sorbitan Sesquioleate;Glyceryl Stearate;Polysorbate 60;Hydroxyethylcellulose;Carbomer;Triethanolamine;Disodium EDTA;Ethylhexylglycerin;Phenoxyethanol,",,,,,,,,,,face mask,nan
Face Mask,DR. JART+,Dermask Intra Jet Wrinkless Solution™,9,3.9,"Water, Glycerin, 1,2-Hexanediol, Ceratonia Siliqua Gum, Chondrus Crispus Powder, PEG-60 Hydrogenated Castor Oil,Cetyl Ethylhexanoate, Phenyl Trimethicone, Allantoin, Butylene Glycol, Beta-Glucan, Agar, Dipotassium Glycyrrhizate, Adenosine, Disodium EDTA, Cupressus Sempervirens Leaf/Nut/Stem Oil, Potassium Hydroxide, Ubiquinone, Glyceryl Polymethacrylate, Propylene Glycol, Palmitoyl Oligopeptide.",1,1,1,1,1,dermask_intra_jet_wrinkless_solution,dr._jart,face_mask,dr._jart_dermask_intra_jet_wrinkless_solution,,,,,,,,,,"Glycerin;1,2-Hexanediol;Ceratonia Siliqua Gum;Chondrus Crispus Powder;PEG-60 Hydrogenated Castor Oil;Cetyl Ethylhexanoate;Phenyl Trimethicone;Allantoin;Butylene Glycol;Beta-Glucan;Agar;Dipotassium Glycyrrhizate;Adenosine;Disodium EDTA;Cupressus Sempervirens Leaf/Nut/Stem Oil;Potassium Hydroxide;Ubiquinone;Glyceryl Polymethacrylate;Propylene Glycol;Palmitoyl Oligopeptide,",,,,,,,,,,face mask,nan
Face Mask,BLITHE,Energy Yellow Citrus & Honey Splash Mask,45,4.2,"Water, Lactic Acid, Vaccinium Myrtillus Fruit Extract, Saccharum Officinarum (Sugar Cane) Extract, Citrus Aurantium Dulcis (Orange) Fruit Extract, Citrus Limon (Lemon) Fruit Extract, Acer Saccharum (Sugar Maple) Extract, Panthenol, PPG-26-Buteth-26, PEG-40 Hydrogenated castor oil, 1,2-Hexanediol, Sodium Lactate, Camellia Sinensis Leaf Extract, Gardenia Florida Fruit Extract, Lavandula Angustifolia (Lavender) Oil, Carthamus Tinctorius (Safflower) Flower Extract, Dextrin, Melaleuca Alternifolia (Tea Tree) Leaf Oil, Salicylic Acid.",1,1,1,0,1,energy_yellow_citrus_honey_splash_mask,blithe,face_mask,blithe_energy_yellow_citrus_honey_splash_mask,,,,,,,,,,"Lactic Acid;Vaccinium Myrtillus Fruit Extract;Saccharum Officinarum (Sugar Cane) Extract;Citrus Aurantium Dulcis (Orange) Fruit Extract;Citrus Limon (Lemon) Fruit Extract;Acer Saccharum (Sugar Maple) Extract;Panthenol;PPG-26-Buteth-26;PEG-40 Hydrogenated castor oil;1,2-Hexanediol;Sodium Lactate;Camellia Sinensis Leaf Extract;Gardenia Florida Fruit Extract;Lavandula Angustifolia (Lavender) Oil;Carthamus Tinctorius (Safflower) Flower Extract;Dextrin;Melaleuca Alternifolia (Tea Tree) Leaf Oil;Salicylic Acid,",,,,,,,,,,face mask,nan
Face Mask,LANCÔME,Rose Jelly Mask,35,4.1,"Water, Glycerin, Niacinamide, Dipropylene Glycol, Alcohol Denat., Dimethicone, Butylene Glycol, Mel, Honey, Peg-8, Peg/Ppg/Polybutylene Glycol-8/5/3 Glycerin, Prunus Amygdalus Dulcis Oil, Sweet Almond Oil, Ci 14700, Red 4, Ci 17200, Red 33, Ascorbyl Glucoside, Sodium Hyaluronate, Sodium Hydroxide, Sodium Citrate, Phenoxyethanol, Arginine, Salicylic Acid, Ammonium Polyacryloyldimethyl Taurate, Dimethiconol, Propanediol, Capryloyl Salicylic Acid, Alpha-Isomethyl Ionone, Carbomer, Geraniol, Farnesol, Rosa Damascena Flower Water, Tetrasodium Edta, Citric Acid, Hexyl Cinnamal, Fragrance.",1,1,1,1,1,rose_jelly_mask,lancôme,face_mask,lancôme_rose_jelly_mask,,,,,,,,,,"Glycerin;Niacinamide;Dipropylene Glycol;Alcohol Denat,;Dimethicone;Butylene Glycol;Mel;Honey;Peg-8;Peg/Ppg/Polybutylene Glycol-8/5/3 Glycerin;Prunus Amygdalus Dulcis Oil;Sweet Almond Oil;Ci 14700;Red 4;Ci 17200;Red 33;Ascorbyl Glucoside;Sodium Hyaluronate;Sodium Hydroxide;Sodium Citrate;Phenoxyethanol;Arginine;Salicylic Acid;Ammonium Polyacryloyldimethyl Taurate;Dimethiconol;Propanediol;Capryloyl Salicylic Acid;Alpha-Isomethyl Ionone;Carbomer;Geraniol;Farnesol;Rosa Damascena Flower Water;Tetrasodium Edta;Citric Acid;Hexyl Cinnamal;Fragrance,",,,,,,,,,,face mask,nan
Face Mask,FOREO,Shimmer Freak Mask,19,1.0,-Rose Water -Caffeine-infused,1,1,1,1,1,shimmer_freak_mask,foreo,face_mask,foreo_shimmer_freak_mask,,,,,,,,,,-Rose Water -Caffeine-infused,,,,,,,,,,face mask,nan
Face Mask,DR. JART+,Shake & Shot™ Rubber Firming Mask,12,3.8,"-Vitamin A (retinol): Helps firm skin for a powerful anti-aging effect. -OxyForce™ Cellular Active (Perfluorodecalin): Helps support natural collagen synthesis, improves skin firmness, and enhances radiance. STEP 01 Super Booster: Cetyl Ethylhexanoate, PEG-8 Glyceryl Isostearate, Phenoxyethanol, Ethylhexylglycerin, Citrus Aurantium Bergamia (Bergamot) Fruit Oil, Trihydroxystearin, Silica Dimethyl Silylate, Algin, Tetrapotassium Pyrophosphate, Calcium Sulfate. STEP 02 Firming Liquid Ampoule: Water, Dipropylene Glycol, Retinyl Palmitate, Tocopherol, Adenosine, Ceramide NP(Ceramide 3), Simmondsia Chinensis (Jojoba) Seed Oil, Hamamelis Virginiana (Witch Hazel) Leaf Extract, Salvia Officinalis (Sage) Leaf Extract, Perfluorodecalin, Cyanocobalamin, Sucrose Palmitate, PEG-60, Hydrogenated Castor Oil, Citrus Aurantium Bergamia (Bergamot) Fruit Oil, Gardenia Florida Fruit Extract, Butylene Glycol, Glycerin, 1,2-Hexanediol, Xanthan Gum, Sodium Benzoate, Potassium Sorbate, Phenoxyethanol, Ethylhexylglycerin.",1,1,1,1,1,shake_shot_rubber_firming_mask,dr._jart,face_mask,dr._jart_shake_shot_rubber_firming_mask,,,,,,,,,,"-Vitamin A (retinol): Helps firm skin for a powerful anti-aging effect, -OxyForce™ Cellular Active (Perfluorodecalin): Helps support natural collagen synthesis;improves skin firmness;and enhances radiance, STEP 01 Super Booster: Cetyl Ethylhexanoate;PEG-8 Glyceryl Isostearate;Phenoxyethanol;Ethylhexylglycerin;Citrus Aurantium Bergamia (Bergamot) Fruit Oil;Trihydroxystearin;Silica Dimethyl Silylate;Algin;Tetrapotassium Pyrophosphate;Calcium Sulfate, STEP 02 Firming Liquid Ampoule: Water;Dipropylene Glycol;Retinyl Palmitate;Tocopherol;Adenosine;Ceramide NP(Ceramide 3);Simmondsia Chinensis (Jojoba) Seed Oil;Hamamelis Virginiana (Witch Hazel) Leaf Extract;Salvia Officinalis (Sage) Leaf Extract;Perfluorodecalin;Cyanocobalamin;Sucrose Palmitate;PEG-60;Hydrogenated Castor Oil;Citrus Aurantium Bergamia (Bergamot) Fruit Oil;Gardenia Florida Fruit Extract;Butylene Glycol;Glycerin;1,2-Hexanediol;Xanthan Gum;Sodium Benzoate;Potassium Sorbate;Phenoxyethanol;Ethylhexylglycerin,",,,,,,,,,,face mask,nan
Face Mask,DIOR,Hydra Life Pores Away Pink Clay Mask,69,4.2,-Natural Pink Clay: Mattifies. -Jojoba Extract: Hydrates.,1,0,1,1,0,hydra_life_pores_away_pink_clay_mask,dior,face_mask,dior_hydra_life_pores_away_pink_clay_mask,,,,,,,,,,"-Natural Pink Clay: Mattifies, -Jojoba Extract: Hydrates,",,,,,,,,,,face mask,nan
Face Mask,DR. JART+,Dermask Intra Jet Firming Solution™,9,3.3,"Water, Glycerin, 1,2-Hexanediol, Ceratonia Siliqua Gum, Chondrus Crispus Powder, PEG-60 Hydrogenated Castor Oil,Cetyl Ethylhexanoate, Phenyl Trimethicone, Allantoin, Butylene Glycol, Beta-Glucan, Agar, Dipotassium Glycyrrhizate, Adenosine, Disodium EDTA, Cupressus Sempervirens Leaf/Nut/Stem Oil, Potassium Hydroxide, Ubiquinone, Glyceryl Polymethacrylate, Propylene Glycol, Palmitoyl Oligopeptide.",1,1,1,1,1,dermask_intra_jet_firming_solution,dr._jart,face_mask,dr._jart_dermask_intra_jet_firming_solution,,,,,,,,,,"Glycerin;1,2-Hexanediol;Ceratonia Siliqua Gum;Chondrus Crispus Powder;PEG-60 Hydrogenated Castor Oil;Cetyl Ethylhexanoate;Phenyl Trimethicone;Allantoin;Butylene Glycol;Beta-Glucan;Agar;Dipotassium Glycyrrhizate;Adenosine;Disodium EDTA;Cupressus Sempervirens Leaf/Nut/Stem Oil;Potassium Hydroxide;Ubiquinone;Glyceryl Polymethacrylate;Propylene Glycol;Palmitoyl Oligopeptide,",,,,,,,,,,face mask,nan
Face Mask,BOSCIA,Tsubaki Oil Deep Hydrating Bio-Cellulose Mask,8,4.1,"Water, Dipropylene Glycol, Glycerin, Isopentyldiol, 1,2-Hexanediol, Betaine, Hydroxyacetophenone, Polyglyceryl-10 Laurate, Hydroxyethyl Urea, Hydroxyethyl Acrylate/Sodium Acryloyldimethyl Taurate Copolymer, Allantoin, Panthenol, Camellia Japonica Seed Oil, Hexylene Glycol, Acrylates/C10-30 Alkyl Acrylate Crosspolymer, Arginine, Cocos Nucifera (Coconut) Fruit Juice, Butylene Glycol, Cocos Nucifera (Coconut) Water, Dipotassium Glycyrrhizate, Fructose, Glucose, Sodium Hyaluronate, Aniba Rosaeodora (Rosewood) Wood Oil, Polysorbate 60, Sorbitan Isostearate, Camellia Japonica Flower Extract, Sucrose, Urea, Dextrin, Alanine, Glutamic Acid, Aspartic Acid, Hexyl Nicotinate, Linalool.",1,1,1,1,1,tsubaki_oil_deep_hydrating_bio_cellulose_mask,boscia,face_mask,boscia_tsubaki_oil_deep_hydrating_bio_cellulose_mask,,,,,,,,,,"Dipropylene Glycol;Glycerin;Isopentyldiol;1,2-Hexanediol;Betaine;Hydroxyacetophenone;Polyglyceryl-10 Laurate;Hydroxyethyl Urea;Hydroxyethyl Acrylate/Sodium Acryloyldimethyl Taurate Copolymer;Allantoin;Panthenol;Camellia Japonica Seed Oil;Hexylene Glycol;Acrylates/C10-30 Alkyl Acrylate Crosspolymer;Arginine;Cocos Nucifera (Coconut) Fruit Juice;Butylene Glycol;Cocos Nucifera (Coconut) Water;Dipotassium Glycyrrhizate;Fructose;Glucose;Sodium Hyaluronate;Aniba Rosaeodora (Rosewood) Wood Oil;Polysorbate 60;Sorbitan Isostearate;Camellia Japonica Flower Extract;Sucrose;Urea;Dextrin;Alanine;Glutamic Acid;Aspartic Acid;Hexyl Nicotinate;Linalool,",,,,,,,,,,face mask,nan
Face Mask,BOSCIA,Multi-Masking™ Medley,18,4.1,"Luminizing Black Mask: Water, Polyvinyl Alcohol, Hamamelis Virginiana (Witch Hazel) Water, Glycereth-26, Butylene Glycol, Glycerin, Pentylene Glycol, Montmorillonite, Polysorbate 20, Acrylates/Palmeth-25 Acrylate Copolymer, Acrylates Copolymer, Lonicera Japonica (Honeysuckle) Flower Extract, Xanthan Gum, Ascorbyl Glucoside, Lonicera Caprifolium (Honeysuckle) Flower Extract, Diglycerin, Simmondsia Chinensis (Jojoba) Seed Extract, Epilobium Angustifolium Flower/Leaf/Stem Extract, Pinus Pinaster Bark Extract, Rosmarinus Officinalis (Rosemary) Leaf Oil, Eucalyptus Globulus Leaf Oil, Charcoal Powder, Iron Oxides (CI 77499). Green Tea Oil-Control Mask: Water, Polyvinyl Alcohol, Polysorbate 20, PPG-20 Methyl Glucose Ether, Butylene Glycol, Lactobacillus Ferment, Glycerin, Glycereth-26, Acrylates/C10-30 Alkyl Acrylate Crosspolymer, Montmorillonite, Silica, Menthyl Lactate, Caprylyl Glycol, 1,2-Hexanediol, Camellia Oleifera Leaf Extract, Potassium Hydroxide, Cucumis Sativus (Cucumber) Fruit Extract, Melia Azadirachta Leaf Extract, Curcuma Longa (Turmeric) Root Extract, Melia Azadirachta Flower Extract, Corallina Officinalis Extract, Simmondsia Chinensis (Jojoba) Seed Extract, Ocimum Basilicum (Basil) Flower/Leaf Extract, Arctium Majus Root Extract, Ocimum Sanctum Leaf Extract, Epilobium Angustifolium Flower/Leaf/Stem Extract, Jasminum Officinale (Jasmine) Oil, Triethoxycaprylylsilane, Aloe Barbadensis Leaf Juice, Citrus Aurantium Dulcis (Orange) Peel Oil, Maltodextrin, Leuconostoc/Radish Root Ferment Filtrate, Carbomer, Palmitoyl Tripeptide-1, Palmitoyl Tetrapeptide-7, Titanium Dioxide (CI 77891), Mica (CI 77019), Chromium Hydroxide Green (CI 77289). Sake Bright White Mask: Water, PPG-20 Methyl Glucose Ether, Polyvinyl Alcohol, Glycerin, Polysorbate 20, Polysorbate 60, Sorbitol, Montmorillonite, Pentylene Glycol, Caprylyl Glycol, 1,2-Hexanediol, Hydroxyacetophenone, Panthenol, Acrylates/C10-30 Alkyl Acrylate Copolymer, Silica, Acrylates Copolymer, Potassium Hydroxide, Butylene Glycol, Dictyopteris Membranacea Extract, Simmondsia Chinensis (Jojoba) Seed Extract, Camellia Sinensis Leaf Extract, Sodium Ascorbyl Phosphate, Caprylic/Capric Triglyceride, Epilobium Angustifolium Flower/Leaf/Stem Extract, Citrus Aurantium Amara (Bitter Orange) Flower Oil, Eugenia Caryophyllus (Clove) Leaf, Citric Acid, Rice Ferment Filtrate (Sake), Carbomer, Salicornia Herbacea Extract, Palmitoyl Tripeptide-1, Palmitoyl Tetrapeptide-7, Titanium Dioxide (CI 77891), Mica (CI 77019).",1,1,1,1,1,multi_masking_medley,boscia,face_mask,boscia_multi_masking_medley,,,,,,,,,,"Luminizing Black Mask: Water;Polyvinyl Alcohol;Hamamelis Virginiana (Witch Hazel) Water;Glycereth-26;Butylene Glycol;Glycerin;Pentylene Glycol;Montmorillonite;Polysorbate 20;Acrylates/Palmeth-25 Acrylate Copolymer;Acrylates Copolymer;Lonicera Japonica (Honeysuckle) Flower Extract;Xanthan Gum;Ascorbyl Glucoside;Lonicera Caprifolium (Honeysuckle) Flower Extract;Diglycerin;Simmondsia Chinensis (Jojoba) Seed Extract;Epilobium Angustifolium Flower/Leaf/Stem Extract;Pinus Pinaster Bark Extract;Rosmarinus Officinalis (Rosemary) Leaf Oil;Eucalyptus Globulus Leaf Oil;Charcoal Powder;Iron Oxides (CI 77499), Green Tea Oil-Control Mask: Water;Polyvinyl Alcohol;Polysorbate 20;PPG-20 Methyl Glucose Ether;Butylene Glycol;Lactobacillus Ferment;Glycerin;Glycereth-26;Acrylates/C10-30 Alkyl Acrylate Crosspolymer;Montmorillonite;Silica;Menthyl Lactate;Caprylyl Glycol;1,2-Hexanediol;Camellia Oleifera Leaf Extract;Potassium Hydroxide;Cucumis Sativus (Cucumber) Fruit Extract;Melia Azadirachta Leaf Extract;Curcuma Longa (Turmeric) Root Extract;Melia Azadirachta Flower Extract;Corallina Officinalis Extract;Simmondsia Chinensis (Jojoba) Seed Extract;Ocimum Basilicum (Basil) Flower/Leaf Extract;Arctium Majus Root Extract;Ocimum Sanctum Leaf Extract;Epilobium Angustifolium Flower/Leaf/Stem Extract;Jasminum Officinale (Jasmine) Oil;Triethoxycaprylylsilane;Aloe Barbadensis Leaf Juice;Citrus Aurantium Dulcis (Orange) Peel Oil;Maltodextrin;Leuconostoc/Radish Root Ferment Filtrate;Carbomer;Palmitoyl Tripeptide-1;Palmitoyl Tetrapeptide-7;Titanium Dioxide (CI 77891);Mica (CI 77019);Chromium Hydroxide Green (CI 77289), Sake Bright White Mask: Water;PPG-20 Methyl Glucose Ether;Polyvinyl Alcohol;Glycerin;Polysorbate 20;Polysorbate 60;Sorbitol;Montmorillonite;Pentylene Glycol;Caprylyl Glycol;1,2-Hexanediol;Hydroxyacetophenone;Panthenol;Acrylates/C10-30 Alkyl Acrylate Copolymer;Silica;Acrylates Copolymer;Potassium Hydroxide;Butylene Glycol;Dictyopteris Membranacea Extract;Simmondsia Chinensis (Jojoba) Seed Extract;Camellia Sinensis Leaf Extract;Sodium Ascorbyl Phosphate;Caprylic/Capric Triglyceride;Epilobium Angustifolium Flower/Leaf/Stem Extract;Citrus Aurantium Amara (Bitter Orange) Flower Oil;Eugenia Caryophyllus (Clove) Leaf;Citric Acid;Rice Ferment Filtrate (Sake);Carbomer;Salicornia Herbacea Extract;Palmitoyl Tripeptide-1;Palmitoyl Tetrapeptide-7;Titanium Dioxide (CI 77891);Mica (CI 77019),",,,,,,,,,,face mask,nan
Face Mask,PHILOSOPHY,Renewed Hope in A Jar Moisture Mask,37,4.8,Visit the philosophy boutique,1,1,1,1,1,renewed_hope_in_a_jar_moisture_mask,philosophy,face_mask,philosophy_renewed_hope_in_a_jar_moisture_mask,,,,,,,,,,Visit the philosophy boutique,,,,,,,,,,face mask,nan
Face Mask,ERBORIAN,Bamboo Waterlock Mask,43,4.3,"Water , Glycerin, Dipropylene Glycol, Butylene Glycol, Alcohol, Propanediol, Phyllostachis Bambusoides Extract, Dimethicone, Glyceryl Polymethacrylate , Hydroxypropyl Starch Phosphate, Phyllostachis Bambusoides Juice, Ophiopogon Japonicus Root Extract, Diospyros Kaki Leaf Extract, Peg-40 Hydrogenated Castor Oil, Sodium Polyacrylate, Lecithin, Acrylates/C10-30 Alkyl Acrylate Crosspolymer, PPG-260-Buteth-26, Arginine, Sodium Hyaluronate, Beta-Glucan , Phenoxyethanol, Ethylhexylglycerin, Parfum/Fragrance, Linalool, Geraniol, Ci 19140/Yellow 5.",0,0,0,0,0,bamboo_waterlock_mask,erborian,face_mask,erborian_bamboo_waterlock_mask,0.0,79.0,10802.0,4.3038,3.5,Moisturizers,12.29,5.45,0.73,"Glycerin;Dipropylene Glycol;Butylene Glycol;Alcohol;Propanediol;Phyllostachis Bambusoides Extract;Dimethicone;Glyceryl Polymethacrylate;Hydroxypropyl Starch Phosphate;Phyllostachis Bambusoides Juice;Ophiopogon Japonicus Root Extract;Diospyros Kaki Leaf Extract;Peg-40 Hydrogenated Castor Oil;Sodium Polyacrylate;Lecithin;Acrylates/C10-30 Alkyl Acrylate Crosspolymer;PPG-260-Buteth-26;Arginine;Sodium Hyaluronate;Beta-Glucan;Phenoxyethanol;Ethylhexylglycerin;Parfum/Fragrance;Linalool;Geraniol;Ci 19140/Yellow 5,",0.0,79.0,10802.0,4.3038,3.5,Moisturizers,12.29,5.45,0.73,face mask,Medium (7k - 13k)
Face Mask,ORIGINS,RitualiTea™ Matcha Madness™ Revitalizing Powder Face Mask with Matcha & Green Tea,36,3.8,"Avena Sativa (Oat) Kernel Meal, Sodium Bicarbonate, Solanum Tuberosum (Potato) Starch, Camellia Sinensis (Green Tea) Leaf Powder, Citric Acid, Camellia Sinensis (Green Tea) Leaf, Camellia Sinensis Leaf Extract, Prunus Amygdalus Dulcis (Sweet Almond) Oil*, Lavandula Angustifolia (Lavender) Oil*, Cymbopogon Martini (Palmarosa) Oil*, Pogostemon Cablin (Patchouli) Oil*, Anthemis Nobilis Flower Oil*, Salvia Sclarea (Clary) Oil*, Cupressus Sempervirens Leaf/Nut/Stem Oil*, Myristica Fragrans (Nutmeg) Kernel Oil*, Vetiveria Zizanoides Root Oil*, Farnesol, Linalool, Citral, Limonene, Geraniol, Cellulose, Hyaluronic Acid, Aminopropyl Ascorbyl Phosphate, Panthenol, Caffeine, Sucrose, Gellidiela Acerosa (Algae) Extract, Sargassum Filipendula (Algae) Extract, Hypnea Musciformis (Algae) Extract, Sodium Cocoyl Glutamate, Ammonium Acryloyldimethyltaurate/Vp Copolymer, Magnesium Aluminum Silicate, Bht, Potassium Sorbate, Chromium Oxide Greens (Ci 77288), Iron Oxides (Ci 77492) * Essential Oil Please be aware that ingredient lists may change or vary from time to time.� Please refer to the ingredient list on the product package you receive for the most up to date list of ingredients.",1,1,1,1,0,ritualitea_matcha_madness_revitalizing_powder_face_mask_with_matcha_green_tea,origins,face_mask,origins_ritualitea_matcha_madness_revitalizing_powder_face_mask_with_matcha_green_tea,,,,,,,,,,"Avena Sativa (Oat) Kernel Meal;Sodium Bicarbonate;Solanum Tuberosum (Potato) Starch;Camellia Sinensis (Green Tea) Leaf Powder;Citric Acid;Camellia Sinensis (Green Tea) Leaf;Camellia Sinensis Leaf Extract;Prunus Amygdalus Dulcis (Sweet Almond) Oil*;Lavandula Angustifolia (Lavender) Oil*;Cymbopogon Martini (Palmarosa) Oil*;Pogostemon Cablin (Patchouli) Oil*;Anthemis Nobilis Flower Oil*;Salvia Sclarea (Clary) Oil*;Cupressus Sempervirens Leaf/Nut/Stem Oil*;Myristica Fragrans (Nutmeg) Kernel Oil*;Vetiveria Zizanoides Root Oil*;Farnesol;Linalool;Citral;Limonene;Geraniol;Cellulose;Hyaluronic Acid;Aminopropyl Ascorbyl Phosphate;Panthenol;Caffeine;Sucrose;Gellidiela Acerosa (Algae) Extract;Sargassum Filipendula (Algae) Extract;Hypnea Musciformis (Algae) Extract;Sodium Cocoyl Glutamate;Ammonium Acryloyldimethyltaurate/Vp Copolymer;Magnesium Aluminum Silicate;Bht;Potassium Sorbate;Chromium Oxide Greens (Ci 77288);Iron Oxides (Ci 77492) * Essential Oil Please be aware that ingredient lists may change or vary from time to time,� Please refer to the ingredient list on the product package you receive for the most up to date list of ingredients,",,,,,,,,,,face mask,nan
Face Mask,DR. JART+,Pore Master Patch,7,3.4,"-Coral Powder: Controls sebum and absorbs excess oil. -Sage Extract: Purifies skin. -Tea Tree Extract: Reduces redness. -Witch Hazel: Tightens pores. Step one: VP/VA Copolymer, Water, Titanium Dioxide, Hamamelis Virginiana (Witch Hazel) Extract, Glycerin, Butylene Glycol, Lithium Magnesium Sodium Silicate, Polyvinyl Alcohol, Ethyl Hexanediol, Phenoxyethanol, 1, 2-Hexanediol, Squalane, Cananga Odorata Flower Oil, Coral Powder. Step two: Water, Aloe Barbadensis Leaf Juice, Portulaca Oleracea Extract, Butylene Glycol, Betaine, Glycerin, Hamamelis Virginiana (Witch Hazel) Extract, Panthenol, Nelumbo Nucifera Flower Extract, Prunus Mume Fruit Extract, Xanthan Gum, Oenanthe Javanica Extract, Nelumbo Nucifera Flower Extract, Hordeum Vulgare Leaf Extract, Lavandula Angustifolia(Lavender) Extract, Melaleuca Alternifolia (Tea Tree) Extract, Eucalyptus Globulus Leaf Extract, Mentha Rotundifolia Leaf Extract, Salvia Officinalis (Sage) Extract, Arginine, Gaultheria Procumbens (Wintergreen) Leaf Extract, Dipotassium Glycyrrhizate, Propanediol, Caprylyl Glyceryl Ether, 1, 2-Hexanediol, Phenoxyethanol.",1,1,1,1,1,pore_master_patch,dr._jart,face_mask,dr._jart_pore_master_patch,0.0,213.0,9108.0,3.3709,,Treatments,,1.58,2.34,"-Coral Powder: Controls sebum and absorbs excess oil, -Sage Extract: Purifies skin, -Tea Tree Extract: Reduces redness, -Witch Hazel: Tightens pores, Step one: VP/VA Copolymer;Titanium Dioxide;Hamamelis Virginiana (Witch Hazel) Extract;Glycerin;Butylene Glycol;Lithium Magnesium Sodium Silicate;Polyvinyl Alcohol;Ethyl Hexanediol;Phenoxyethanol;1;2-Hexanediol;Squalane;Cananga Odorata Flower Oil;Coral Powder, Step two: Water;Aloe Barbadensis Leaf Juice;Portulaca Oleracea Extract;Butylene Glycol;Betaine;Glycerin;Hamamelis Virginiana (Witch Hazel) Extract;Panthenol;Nelumbo Nucifera Flower Extract;Prunus Mume Fruit Extract;Xanthan Gum;Oenanthe Javanica Extract;Nelumbo Nucifera Flower Extract;Hordeum Vulgare Leaf Extract;Lavandula Angustifolia(Lavender) Extract;Melaleuca Alternifolia (Tea Tree) Extract;Eucalyptus Globulus Leaf Extract;Mentha Rotundifolia Leaf Extract;Salvia Officinalis (Sage) Extract;Arginine;Gaultheria Procumbens (Wintergreen) Leaf Extract;Dipotassium Glycyrrhizate;Propanediol;Caprylyl Glyceryl Ether;1;2-Hexanediol;Phenoxyethanol,",0.0,213.0,9108.0,3.3709,,Treatments,,1.58,2.34,face mask,Medium (7k - 13k)
Face Mask,MURAD,InstaMatte™ Oil-Control Mask,38,4.3,"Water, Sodium C14-16 Olefin Sulfonate, Palmitic Acid, Stearic Acid, Myristic Acid, Sodium Methyl Cocoyl Taurate, Glycerin, Sodium Hydroxide, Cetearyl Alcohol, Butylene Glycol, Lauric Acid, Zinc Lactate, Polysorbate 60, Disodium Cocoamphodiacetate, Synthetic Beeswax, PPG-12/SMDI Copolymer, Salicylic Acid, Hydrolyzed Jojoba Esters, Cocamidopropyl Dimethylamine, Phenoxyethanol, Parfum, Lithium Magnesium Sodium Silicate, Panthenol, Hydroxyethylcellulose, Jojoba Esters, Benzoic Acid, Dehydroacetic Acid, Olea Europaea (Olive) Leaf Extract, Punica Granatum Extract, Capric Acid, Urea, Yeast Amino Acids, Betaine, Inositol, Taurine, Trehalose, Stearyl Triethoxysilane, Citrus Grandis (Grapefruit) Fruit Extract, Titanium dioxide (CI 77891).",1,0,0,1,0,instamatte_oil_control_mask,murad,face_mask,murad_instamatte_oil_control_mask,,,,,,,,,,"Sodium C14-16 Olefin Sulfonate;Palmitic Acid;Stearic Acid;Myristic Acid;Sodium Methyl Cocoyl Taurate;Glycerin;Sodium Hydroxide;Cetearyl Alcohol;Butylene Glycol;Lauric Acid;Zinc Lactate;Polysorbate 60;Disodium Cocoamphodiacetate;Synthetic Beeswax;PPG-12/SMDI Copolymer;Salicylic Acid;Hydrolyzed Jojoba Esters;Cocamidopropyl Dimethylamine;Phenoxyethanol;Parfum;Lithium Magnesium Sodium Silicate;Panthenol;Hydroxyethylcellulose;Jojoba Esters;Benzoic Acid;Dehydroacetic Acid;Olea Europaea (Olive) Leaf Extract;Punica Granatum Extract;Capric Acid;Urea;Yeast Amino Acids;Betaine;Inositol;Taurine;Trehalose;Stearyl Triethoxysilane;Citrus Grandis (Grapefruit) Fruit Extract;Titanium dioxide (CI 77891),",,,,,,,,,,face mask,nan
Face Mask,SEPHORA COLLECTION,After-Sun Mask - Watermelon,5,4.3,"Water, Glycerin, Dipropylene Glycol, Methylpropanediol, Glycereth-26, Dipotassium Glycyrrhizate, PEG/PPG-17/6 Copolymer, Saccharide Isomerate, Hydroxyethyl Urea, PEG-32, 1,2-Hexanediol, Phenoxyethanol, Arginine, Carbomer, Inositol, Panthenol, Hydroxyethyl Acrylate/Sodium Acryloyldimethyl Taurate Copolymer, Coceth-7, PPG-1-PEG-9 Lauryl Glycol Ether, Xanthan Gum, Fragrance, Ethylhexylglycerin, PEG-40 Hydrogenated Castor Oil, Disodium EDTA, Glyceryl Polyacrylate, Citrullus Lanatus (Watermelon) Fruit Extract, Sodium Hyaluronate, Polysorbate 60, Sorbitan Isostearate, Citric Acid, Sodium Citrate, Potassium Sorbate, Sodium Benzoate,Tocopherol.",1,1,1,1,1,after_sun_mask_watermelon,sephora_collection,face_mask,sephora_collection_after_sun_mask_watermelon,,,,,,,,,,"Glycerin;Dipropylene Glycol;Methylpropanediol;Glycereth-26;Dipotassium Glycyrrhizate;PEG/PPG-17/6 Copolymer;Saccharide Isomerate;Hydroxyethyl Urea;PEG-32;1,2-Hexanediol;Phenoxyethanol;Arginine;Carbomer;Inositol;Panthenol;Hydroxyethyl Acrylate/Sodium Acryloyldimethyl Taurate Copolymer;Coceth-7;PPG-1-PEG-9 Lauryl Glycol Ether;Xanthan Gum;Fragrance;Ethylhexylglycerin;PEG-40 Hydrogenated Castor Oil;Disodium EDTA;Glyceryl Polyacrylate;Citrullus Lanatus (Watermelon) Fruit Extract;Sodium Hyaluronate;Polysorbate 60;Sorbitan Isostearate;Citric Acid;Sodium Citrate;Potassium Sorbate;Sodium Benzoate;Tocopherol,",,,,,,,,,,face mask,nan
Face Mask,JOSIE MARAN,Whipped Mud Mask Collection,48,3.8,"Sweet Citrus: Water**, Propanediol**, Moroccan Lava Clay**, Sea Water**, Glycerin**, Bentonite**, Glyceryl Stearate**, Bis-Stearyl Dimethicone, Polyglyceryl-10 Oleate**, Dimethyl Sulfone**, Jojoba Esters**, Butylene Glycol, Titanium Dioxide (CI 77891), Argania Spinosa (Argan) Kernel Oil*, Argan Oil Isostearyl Esters**, Aloe Barbadensis Leaf Juice**, Olive Oil Decyl Esters**, Acacia Decurrens Flower Wax**, Rosa Multiflora Fruit Extract**, Tocopherol, Zingiber Officinale (Ginger) Root Extract**, Sanguisorba Officinalis Root Extract**, Linolenic Acid**, Phytic Acid**, Allantoin, Maris Sal (Sea Salt)**, Helianthus Annuus (Sunflower) Seed Wax**, Cinnamomum Cassia Bark Extract**, Squalene**, Magnesium Aluminum Sylicate**, Xanthan Gum**, Polygycerin-3, Caprylyl Glycol, 4-T-Butylcyclohexanol, Pentylene Glycol, Sodium Hydroxide, Phenoxyethanol, Fragrance**, Red 28 Lake (CI 45410), Iron Oxides (CI 77491), Citral, Limonene, Linalool. Vanilla Apricot: Water**, Propanediol**, Moroccan Lava Clay**, Sea Water**, Glycerin**, Bentonite**, Glyceryl Stearate**, Bis-Stearyl Dimethicone, Polyglyceryl-10 Oleate**, Dimethyl Sulfone**, Jojoba Esters**, Butylene Glycol, Titanium Dioxide (CI 77891), Argania Spinosa (Argan) Kernel Oil*, Argan Oil Isostearyl Esters**, Aloe Barbadensis Leaf Juice**, Olive Oil Decyl Esters**, Acacia Decurrens Flower Wax**, Pentylene Glycol, Linoleic Acid**, Phenoxyethanol, Phytic Acid**, 4-T-Butylcyclohexanol, Allantoin, Xanthan Gum**, Caprylyl Glycol, Linolenic Acid**, Maris Sal (Sea Salt)**, Magnesium Aluminum Sylicate**, Sodium Hydroxide, Squalene**, Helianthus Annuus (Sunflower) Seed Wax**, Rosa Multiflora Fruit Extract**, Tocopherol, Zingiber Officinale (Ginger) Root Extract**, Sanguisorba Officinalis Root Extract**, Cinnamomum Cassia Bark Extract**, Polygycerin-3, Fragrance**, Yellow 6 Lake (CI 15985), Iron Oxides (CI 77491), Limonene. Cucumber Aloe: Water**, Propanediol**, Moroccan Lava Clay**, Sea Water**, Glycerin**, Bentonite**, Glyceryl Stearate**, Bis-Stearyl Dimethicone, Polyglyceryl-10 Oleate**, Fragrance**, Dimethyl Sulfone**, Jojoba Esters**, Butylene Glycol, Argania Spinosa (Argan) Kernel Oil*, Argan Oil Isostearyl Esters**, Aloe Barbadensis Leaf Juice**, Titanium Dioxide (CI 77891), Zingiber Officinale (Ginger) Root Extract**, Sanguisorba Officinalis Root Extract**, Cinnamomum Cassia Bark Extract**, Olive Oil Decyl Esters**, Acacia Decurrens Flower Wax**, Phytic Acid**, Allantoin, Linolenic Acid**, Pentylene Glycol, Phenoxyethanol, 4-T-Butylcyclohexanol, Xanthan Gum**, Caprylyl Glycol, Maris Sal (Sea Salt)**, Magnesium Aluminum Sylicate**, Sodium Hydroxide, Squalene**, Helianthus Annuus (Sunflower) Seed Wax**, Rosa Multiflora Fruit Extract**, Tocopherol, Polygycerin-3, Yellow 5 Lake (CI 19140), Blue 1 (CI 42090), Amyl Cinnamal, Hydroxycitronellal. Sweet Basil Mint: Water**, Propanediol**, Moroccan Lava Clay**, Sea Water**, Glycerin**, Bentonite**, Glyceryl Stearate**, Bis-Stearyl Dimethicone, Polyglyceryl-10 Oleate**, Dimethyl Sulfone**, Jojoba Esters**, Butylene Glycol, Titanium Dioxide (CI 77891), Argania Spinosa (Argan) Kernel Oil*, Argan Oil Isostearyl Esters**, Aloe Barbadensis Leaf Juice**, Olive Oil Decyl Esters**, Acacia Decurrens Flower Wax**, Linolenic Acid**, Phytic Acid**, Allantoin, Maris Sal (Sea Salt)**, Helianthus Annuus (Sunflower) Seed Wax**, Rosa Multiflora Fruit Extract**, Tocopherol, Zingiber Officinale (Ginger) Root Extract**, Sanguisorba Officinalis Root Extract**, Cinnamomum Cassia Bark Extract**, Squalene**, Polygycerin-3, Magnesium Aluminum Sylicate**, Xanthan Gum**, Caprylyl Glycol, 4-T-Butylcyclohexanol, Pentylene Glycol, Sodium Hydroxide, Phenoxyethanol, Fragrance**, Blue 1 (CI 42090), Yellow 5 Lake (CI 19140). Lavender Citrus: Water**, Propanediol**, Moroccan Lava Clay**, Sea Water**, Glycerin**, Bentonite**, Glyceryl Stearate**, Bis-Stearyl Dimethicone, Polyglyceryl-10 Oleate**, Dimethyl Sulfone**, Jojoba Esters**, Butylene Glycol, Titanium Dioxide (CI 77891), Argania Spinosa (Argan) Kernel Oil*, Argan Oil Isostearyl Esters**, Aloe Barbadensis Leaf Juice**, Olive Oil Decyl Esters**, Acacia Decurrens Flower Wax**, Linolenic Acid**, Phytic Acid**, Allantoin, Maris Sal (Sea Salt)**, Helianthus Annuus (Sunflower) Seed Wax**, Mentha Piperita (Peppermint) Oil**, Rosa Multiflora Fruit Extract**, Zingiber Officinale (Ginger) Root Extract**, Sanguisorba Officinalis Root Extract**, Cinnamomum Cassia Bark Extract**, Magnesium Aluminum Sylicate**, Xanthan Gum**, Squalene**, Polygycerin-3, Caprylyl Glycol, 4-T-Butylcyclohexanol, Pentylene Glycol, Sodium Hydroxide, Phenoxyethanol, Fragrance**, Red 33 Lake (CI 17200), Blue 1 (CI 42090), Limonene, Linalool. **Natural",1,1,1,1,1,whipped_mud_mask_collection,josie_maran,face_mask,josie_maran_whipped_mud_mask_collection,,,,,,,,,,"Sweet Citrus: Water**;Propanediol**;Moroccan Lava Clay**;Sea Water**;Glycerin**;Bentonite**;Glyceryl Stearate**;Bis-Stearyl Dimethicone;Polyglyceryl-10 Oleate**;Dimethyl Sulfone**;Jojoba Esters**;Butylene Glycol;Titanium Dioxide (CI 77891);Argania Spinosa (Argan) Kernel Oil*;Argan Oil Isostearyl Esters**;Aloe Barbadensis Leaf Juice**;Olive Oil Decyl Esters**;Acacia Decurrens Flower Wax**;Rosa Multiflora Fruit Extract**;Tocopherol;Zingiber Officinale (Ginger) Root Extract**;Sanguisorba Officinalis Root Extract**;Linolenic Acid**;Phytic Acid**;Allantoin;Maris Sal (Sea Salt)**;Helianthus Annuus (Sunflower) Seed Wax**;Cinnamomum Cassia Bark Extract**;Squalene**;Magnesium Aluminum Sylicate**;Xanthan Gum**;Polygycerin-3;Caprylyl Glycol;4-T-Butylcyclohexanol;Pentylene Glycol;Sodium Hydroxide;Phenoxyethanol;Fragrance**;Red 28 Lake (CI 45410);Iron Oxides (CI 77491);Citral;Limonene;Linalool, Vanilla Apricot: Water**;Propanediol**;Moroccan Lava Clay**;Sea Water**;Glycerin**;Bentonite**;Glyceryl Stearate**;Bis-Stearyl Dimethicone;Polyglyceryl-10 Oleate**;Dimethyl Sulfone**;Jojoba Esters**;Butylene Glycol;Titanium Dioxide (CI 77891);Argania Spinosa (Argan) Kernel Oil*;Argan Oil Isostearyl Esters**;Aloe Barbadensis Leaf Juice**;Olive Oil Decyl Esters**;Acacia Decurrens Flower Wax**;Pentylene Glycol;Linoleic Acid**;Phenoxyethanol;Phytic Acid**;4-T-Butylcyclohexanol;Allantoin;Xanthan Gum**;Caprylyl Glycol;Linolenic Acid**;Maris Sal (Sea Salt)**;Magnesium Aluminum Sylicate**;Sodium Hydroxide;Squalene**;Helianthus Annuus (Sunflower) Seed Wax**;Rosa Multiflora Fruit Extract**;Tocopherol;Zingiber Officinale (Ginger) Root Extract**;Sanguisorba Officinalis Root Extract**;Cinnamomum Cassia Bark Extract**;Polygycerin-3;Fragrance**;Yellow 6 Lake (CI 15985);Iron Oxides (CI 77491);Limonene, Cucumber Aloe: Water**;Propanediol**;Moroccan Lava Clay**;Sea Water**;Glycerin**;Bentonite**;Glyceryl Stearate**;Bis-Stearyl Dimethicone;Polyglyceryl-10 Oleate**;Fragrance**;Dimethyl Sulfone**;Jojoba Esters**;Butylene Glycol;Argania Spinosa (Argan) Kernel Oil*;Argan Oil Isostearyl Esters**;Aloe Barbadensis Leaf Juice**;Titanium Dioxide (CI 77891);Zingiber Officinale (Ginger) Root Extract**;Sanguisorba Officinalis Root Extract**;Cinnamomum Cassia Bark Extract**;Olive Oil Decyl Esters**;Acacia Decurrens Flower Wax**;Phytic Acid**;Allantoin;Linolenic Acid**;Pentylene Glycol;Phenoxyethanol;4-T-Butylcyclohexanol;Xanthan Gum**;Caprylyl Glycol;Maris Sal (Sea Salt)**;Magnesium Aluminum Sylicate**;Sodium Hydroxide;Squalene**;Helianthus Annuus (Sunflower) Seed Wax**;Rosa Multiflora Fruit Extract**;Tocopherol;Polygycerin-3;Yellow 5 Lake (CI 19140);Blue 1 (CI 42090);Amyl Cinnamal;Hydroxycitronellal, Sweet Basil Mint: Water**;Propanediol**;Moroccan Lava Clay**;Sea Water**;Glycerin**;Bentonite**;Glyceryl Stearate**;Bis-Stearyl Dimethicone;Polyglyceryl-10 Oleate**;Dimethyl Sulfone**;Jojoba Esters**;Butylene Glycol;Titanium Dioxide (CI 77891);Argania Spinosa (Argan) Kernel Oil*;Argan Oil Isostearyl Esters**;Aloe Barbadensis Leaf Juice**;Olive Oil Decyl Esters**;Acacia Decurrens Flower Wax**;Linolenic Acid**;Phytic Acid**;Allantoin;Maris Sal (Sea Salt)**;Helianthus Annuus (Sunflower) Seed Wax**;Rosa Multiflora Fruit Extract**;Tocopherol;Zingiber Officinale (Ginger) Root Extract**;Sanguisorba Officinalis Root Extract**;Cinnamomum Cassia Bark Extract**;Squalene**;Polygycerin-3;Magnesium Aluminum Sylicate**;Xanthan Gum**;Caprylyl Glycol;4-T-Butylcyclohexanol;Pentylene Glycol;Sodium Hydroxide;Phenoxyethanol;Fragrance**;Blue 1 (CI 42090);Yellow 5 Lake (CI 19140), Lavender Citrus: Water**;Propanediol**;Moroccan Lava Clay**;Sea Water**;Glycerin**;Bentonite**;Glyceryl Stearate**;Bis-Stearyl Dimethicone;Polyglyceryl-10 Oleate**;Dimethyl Sulfone**;Jojoba Esters**;Butylene Glycol;Titanium Dioxide (CI 77891);Argania Spinosa (Argan) Kernel Oil*;Argan Oil Isostearyl Esters**;Aloe Barbadensis Leaf Juice**;Olive Oil Decyl Esters**;Acacia Decurrens Flower Wax**;Linolenic Acid**;Phytic Acid**;Allantoin;Maris Sal (Sea Salt)**;Helianthus Annuus (Sunflower) Seed Wax**;Mentha Piperita (Peppermint) Oil**;Rosa Multiflora Fruit Extract**;Zingiber Officinale (Ginger) Root Extract**;Sanguisorba Officinalis Root Extract**;Cinnamomum Cassia Bark Extract**;Magnesium Aluminum Sylicate**;Xanthan Gum**;Squalene**;Polygycerin-3;Caprylyl Glycol;4-T-Butylcyclohexanol;Pentylene Glycol;Sodium Hydroxide;Phenoxyethanol;Fragrance**;Red 33 Lake (CI 17200);Blue 1 (CI 42090);Limonene;Linalool, **Natural",,,,,,,,,,face mask,nan
Face Mask,KATE SOMERVILLE,Wrinkle Warrior® Pink Plumping Mask,56,4.0,"Water, Propanediol, Glycerin, Pyrus Malus (Apple) Fruit Extract, Hydrolyzed Hyaluronic Acid, Sodium Hyaluronate, Methylglucoside Phosphate, Copper Lysinate/Prolinate, Disodium Acetyl Glucosamine Phosphate, Chondrus Crispus Extract, Adenosine, Gluconolactone, Carbomer, 1,2-Hexanediol, Sodium Hydroxide, Caprylhydroxamic Acid, Disodium EDTA, PEG-40 Hydrogenated Castor Oil, PPG-26-Buteth-26, Calcium Sodium Borosilicate, Fragrance (Parfum), Sodium Benzoate, Phenoxyethanol, Titanium Dioxide (CI 77891), Tin Oxide (CI 77861), Red 40 (CI 16035), Red 33 (CI 17200).",1,1,1,1,0,wrinkle_warrior_pink_plumping_mask,kate_somerville,face_mask,kate_somerville_wrinkle_warrior_pink_plumping_mask,,,,,,,,,,"Propanediol;Glycerin;Pyrus Malus (Apple) Fruit Extract;Hydrolyzed Hyaluronic Acid;Sodium Hyaluronate;Methylglucoside Phosphate;Copper Lysinate/Prolinate;Disodium Acetyl Glucosamine Phosphate;Chondrus Crispus Extract;Adenosine;Gluconolactone;Carbomer;1,2-Hexanediol;Sodium Hydroxide;Caprylhydroxamic Acid;Disodium EDTA;PEG-40 Hydrogenated Castor Oil;PPG-26-Buteth-26;Calcium Sodium Borosilicate;Fragrance (Parfum);Sodium Benzoate;Phenoxyethanol;Titanium Dioxide (CI 77891);Tin Oxide (CI 77861);Red 40 (CI 16035);Red 33 (CI 17200),",,,,,,,,,,face mask,nan
Face Mask,ALGENIST,Algae Brightening Mask,62,0.0,"Water, Kaolin, Bentonite, Ilite, Macrocystis Pyrifera Extract, Caprylic/Capric Triglyceride, Titanium Dioxide (CI 77891), Glycerin, Cetyl Alcohol, Isopropyl Isostearate, Silt, Cetearyl Alcohol, Glyceryl Stearate, PEG-100 Stearate, Butylene Glycol, Sorbitan Stearate, Algae Exopolysaccharides, Algae Extract, Alaria Esculenta Extract, Haematococcus Pluvialis Extract, Sea Water, Salicylic Acid, Lactic Acid, Glucosamine HCl, Saccharomyces Cerevisiae Extract, Saccharum Officinarum (Sugar Cane) Extract, Camellia Oleifera Leaf Extract, Chamomilla Recutita (Matricaria) Flower Extract, Cucumis Sativus (Cucumber) Fruit Extract, Citrus Medica Limonum (Lemon) Fruit Extract, Citrus Aurantium (Orange) Fruit Extract, Pyrus Malus (Apple) Fruit Extract, Caprylyl Glycol, Hydrogenated Lecithin, Hexylene Glycol, Ethylhexylglycerin, Sodium Hydroxide, Urea, PEG-12 Dimethicone, Sodium Benzoate, Potassium Sorbate, Disodium EDTA, Phenoxyethanol, Fragrance, Chromium Oxide Green.",0,0,0,0,0,algae_brightening_mask,algenist,face_mask,algenist_algae_brightening_mask,,,,,,,,,,"Kaolin;Bentonite;Ilite;Macrocystis Pyrifera Extract;Caprylic/Capric Triglyceride;Titanium Dioxide (CI 77891);Glycerin;Cetyl Alcohol;Isopropyl Isostearate;Silt;Cetearyl Alcohol;Glyceryl Stearate;PEG-100 Stearate;Butylene Glycol;Sorbitan Stearate;Algae Exopolysaccharides;Algae Extract;Alaria Esculenta Extract;Haematococcus Pluvialis Extract;Sea Water;Salicylic Acid;Lactic Acid;Glucosamine HCl;Saccharomyces Cerevisiae Extract;Saccharum Officinarum (Sugar Cane) Extract;Camellia Oleifera Leaf Extract;Chamomilla Recutita (Matricaria) Flower Extract;Cucumis Sativus (Cucumber) Fruit Extract;Citrus Medica Limonum (Lemon) Fruit Extract;Citrus Aurantium (Orange) Fruit Extract;Pyrus Malus (Apple) Fruit Extract;Caprylyl Glycol;Hydrogenated Lecithin;Hexylene Glycol;Ethylhexylglycerin;Sodium Hydroxide;Urea;PEG-12 Dimethicone;Sodium Benzoate;Potassium Sorbate;Disodium EDTA;Phenoxyethanol;Fragrance;Chromium Oxide Green,",,,,,,,,,,face mask,nan
Face Mask,BOSCIA,Sake Bright White Mask,38,3.4,"Water, PPG-20 Methyl Glucose Ether, Polyvinyl Alcohol, Glycerin, Polysorbate 20, Polysorbate 60, Sorbitol, Montmorillonite, Pentylene Glycol, Caprylyl Glycol, 1,2-Hexanediol, Hydroxyacetophenone, Panthenol, Acrylates/C10-30 Alkyl Acrylate Copolymer, Silica, Acrylates Copolymer, Potassium Hydroxide, Butylene Glycol, Dictyopteris Membranacea Extract, Simmondsia Chinensis (Jojoba) Seed Extract, Camellia Sinensis Leaf Extract, Sodium Ascorbyl Phosphate, Caprylic/Capric Triglyceride, Epilobium Angustifolium Flower/Leaf/Stem Extract, Citrus Aurantium Amara (Bitter Orange) Flower Oil, Eugenia Caryophyllus (Clove) Leaf, Citric Acid, Rice Ferment Filtrate (Sake), Carbomer, Salicornia Herbacea Extract, Palmitoyl Tripeptide-1, Palmitoyl Tetrapeptide-7, Titanium Dioxide (CI 77891), Mica (CI 77019).",1,1,1,0,1,sake_bright_white_mask,boscia,face_mask,boscia_sake_bright_white_mask,,,,,,,,,,"PPG-20 Methyl Glucose Ether;Polyvinyl Alcohol;Glycerin;Polysorbate 20;Polysorbate 60;Sorbitol;Montmorillonite;Pentylene Glycol;Caprylyl Glycol;1,2-Hexanediol;Hydroxyacetophenone;Panthenol;Acrylates/C10-30 Alkyl Acrylate Copolymer;Silica;Acrylates Copolymer;Potassium Hydroxide;Butylene Glycol;Dictyopteris Membranacea Extract;Simmondsia Chinensis (Jojoba) Seed Extract;Camellia Sinensis Leaf Extract;Sodium Ascorbyl Phosphate;Caprylic/Capric Triglyceride;Epilobium Angustifolium Flower/Leaf/Stem Extract;Citrus Aurantium Amara (Bitter Orange) Flower Oil;Eugenia Caryophyllus (Clove) Leaf;Citric Acid;Rice Ferment Filtrate (Sake);Carbomer;Salicornia Herbacea Extract;Palmitoyl Tripeptide-1;Palmitoyl Tetrapeptide-7;Titanium Dioxide (CI 77891);Mica (CI 77019),",,,,,,,,,,face mask,nan
Face Mask,LA MER,The Intensive Revitalizing Mask,170,4.9,"Water, Isododecane, Algae (Seaweed) Extract, Dimethicone, Glycerin, Butylene Glycol, Caprylic/Capric/Myristic/Stearic Triglyceride, Peg-10 Dimethicone, Hydrogenated Vegetable Oil, Sesamum Indicum (Sesame) Seed Oil, Medicago Sativa (Alfalfa) Seed Powder, Helianthus Annuus (Sunflower) Seedcake, Prunus Amygdalus Dulcis (Sweet Almond) Seed Meal, Eucalyptus Globulus (Eucalyptus) Leaf Oil, Sodium Gluconate, Copper Gluconate, Calcium Gluconate, Magnesium Gluconate, Zinc Gluconate, Tocopheryl Succinate, Niacin, Sesamum Indicum (Sesame) Seed Powder, Sea Salt/Maris Sal/Sel Marin, Nylon-12, Yeast Extract/Faex/Extrait De Levure, Hydrogenated Polyisobutene, Isononyl Isononanoate, Cetyl Peg/Ppg-10/1 Dimethicone, Sigesbeckia Orientalis (St. Paul'S Wort) Extract, Helichrysum Arenarium (Everlasting) Extract, Citrus Grandis (Grapefruit) Peel Oil, Pelargonium Graveolens (Geranium) Flower Oil, Citrus Aurantifolia (Lime) Peel Extract, Laminaria Saccharina Extract, Rubus Idaeus (Raspberry) Leaf Extract, Gelidium Cartilagineum Extract, Mentha Viridis (Spearmint), Zingiber Officinale (Ginger) Root Extract, Avena Sativa (Oat) Kernel Extract, Polygonum Fagopyrum Seed Extract, Padina Pavonica Thallus Extract, Chlorella Vulgaris Extract, Laminaria Digitata Extract, Hydrolyzed Rice Extract, Acetyl Hexapeptide-8, Glycine Soja (Soybean) Protein, Sodium Hyaluronate, Caffeine, Hydrolyzed Algin, Acetyl Glucosamine, Cholesterol, Trisiloxane, Phytosphingosine, Yeast Polysaccharides, Lavandula Angustifolia (Lavender) Flower Wax, Caprylic/Capric Triglyceride, Dimethicone Crosspolymer-3, Sucrose, Polysilicone-11, Caprylyl Glycol, Synthetic Fluorphlogopite, Glyceryl Triacetyl Ricinoleate, Macadamia Integrifolia Seed Oil, Tocopheryl Acetate, Tetrahexyldecyl Ascorbate, Sodium Pca, Urea, Dipalmitoyl Hydroxyproline, Methyldihydrojasmonate, Triethylhexanoin, Trehalose, Polyquaternium-51, Calcium Chloride, Propylene Glycol Diethylhexanoate, Hexylene Glycol, Tourmaline, Tin Oxide, Bht, Limonene, Linalool, Geraniol, Citronellol, Phenoxyethanol, Titanium Dioxide (Ci 77891)",0,0,0,0,0,the_intensive_revitalizing_mask,la_mer,face_mask,la_mer_the_intensive_revitalizing_mask,,,,,,,,,,"Isododecane;Algae (Seaweed) Extract;Dimethicone;Glycerin;Butylene Glycol;Caprylic/Capric/Myristic/Stearic Triglyceride;Peg-10 Dimethicone;Hydrogenated Vegetable Oil;Sesamum Indicum (Sesame) Seed Oil;Medicago Sativa (Alfalfa) Seed Powder;Helianthus Annuus (Sunflower) Seedcake;Prunus Amygdalus Dulcis (Sweet Almond) Seed Meal;Eucalyptus Globulus (Eucalyptus) Leaf Oil;Sodium Gluconate;Copper Gluconate;Calcium Gluconate;Magnesium Gluconate;Zinc Gluconate;Tocopheryl Succinate;Niacin;Sesamum Indicum (Sesame) Seed Powder;Sea Salt/Maris Sal/Sel Marin;Nylon-12;Yeast Extract/Faex/Extrait De Levure;Hydrogenated Polyisobutene;Isononyl Isononanoate;Cetyl Peg/Ppg-10/1 Dimethicone;Sigesbeckia Orientalis (St, Paul'S Wort) Extract;Helichrysum Arenarium (Everlasting) Extract;Citrus Grandis (Grapefruit) Peel Oil;Pelargonium Graveolens (Geranium) Flower Oil;Citrus Aurantifolia (Lime) Peel Extract;Laminaria Saccharina Extract;Rubus Idaeus (Raspberry) Leaf Extract;Gelidium Cartilagineum Extract;Mentha Viridis (Spearmint);Zingiber Officinale (Ginger) Root Extract;Avena Sativa (Oat) Kernel Extract;Polygonum Fagopyrum Seed Extract;Padina Pavonica Thallus Extract;Chlorella Vulgaris Extract;Laminaria Digitata Extract;Hydrolyzed Rice Extract;Acetyl Hexapeptide-8;Glycine Soja (Soybean) Protein;Sodium Hyaluronate;Caffeine;Hydrolyzed Algin;Acetyl Glucosamine;Cholesterol;Trisiloxane;Phytosphingosine;Yeast Polysaccharides;Lavandula Angustifolia (Lavender) Flower Wax;Caprylic/Capric Triglyceride;Dimethicone Crosspolymer-3;Sucrose;Polysilicone-11;Caprylyl Glycol;Synthetic Fluorphlogopite;Glyceryl Triacetyl Ricinoleate;Macadamia Integrifolia Seed Oil;Tocopheryl Acetate;Tetrahexyldecyl Ascorbate;Sodium Pca;Urea;Dipalmitoyl Hydroxyproline;Methyldihydrojasmonate;Triethylhexanoin;Trehalose;Polyquaternium-51;Calcium Chloride;Propylene Glycol Diethylhexanoate;Hexylene Glycol;Tourmaline;Tin Oxide;Bht;Limonene;Linalool;Geraniol;Citronellol;Phenoxyethanol;Titanium Dioxide (Ci 77891)",,,,,,,,,,face mask,nan
Face Mask,SKIN INC SUPPLEMENT BAR,Pure Deepsea Hydrating Mask,75,4.5,"Water, Butylene Glycol, Glycerin, Pentylene Glycol, Algae Extract, Natto Gum, Sodium Hyaluronate, Acrylates/C10-30 Alkyl Acrylate Crosspolymer, Potassium Hydroxide, Phenoxyethanol, Tetrasodium EDTA.",1,1,1,1,1,pure_deepsea_hydrating_mask,skin_inc_supplement_bar,face_mask,skin_inc_supplement_bar_pure_deepsea_hydrating_mask,,,,,,,,,,"Butylene Glycol;Glycerin;Pentylene Glycol;Algae Extract;Natto Gum;Sodium Hyaluronate;Acrylates/C10-30 Alkyl Acrylate Crosspolymer;Potassium Hydroxide;Phenoxyethanol;Tetrasodium EDTA,",,,,,,,,,,face mask,nan
Face Mask,PETER THOMAS ROTH,Cucumber Gel Mask Extreme Detoxifying Hydrator,52,4.2,"Water, Butylene Glycol, Cucumis Sativus (Cucumber) Fruit Extract, Ananas Sativus (Pineapple) Fruit Extract, Vaccinium Myrtillus Fruit/Leaf Extract, Carica Papaya (Papaya) Fruit Extract, Acer Saccharum (Sugar Maple) Extract, Saccharum Officinarum (Sugar Cane) Extract, Aloe Barbadensis Leaf Juice, Chamomilla Recutita (Matricaria) Flower Extract, Chamomilla Recutita (Matricaria) Flower Oil, Citrus Limon (Lemon) Fruit Extract, Citrus Aurantium Dulcis (Orange) Fruit Extract, Mangifera Indica (Mango) Fruit Extract, Sodium Pca, Allantoin, Glycerin, Propylene Glycol, Disodium Edta, Sodium Hydroxide, Citric Acid, Carbomer, Triethanolamine, Polysorbate 20, Potassium Sorbate, Sodium Benzoate, Phenoxyethanol, Yellow 5 (Ci 19140), Blue 1 (Ci 42090).",1,1,1,1,1,cucumber_gel_mask_extreme_detoxifying_hydrator,peter_thomas_roth,face_mask,peter_thomas_roth_cucumber_gel_mask_extreme_detoxifying_hydrator,,,,,,,,,,"Butylene Glycol;Cucumis Sativus (Cucumber) Fruit Extract;Ananas Sativus (Pineapple) Fruit Extract;Vaccinium Myrtillus Fruit/Leaf Extract;Carica Papaya (Papaya) Fruit Extract;Acer Saccharum (Sugar Maple) Extract;Saccharum Officinarum (Sugar Cane) Extract;Aloe Barbadensis Leaf Juice;Chamomilla Recutita (Matricaria) Flower Extract;Chamomilla Recutita (Matricaria) Flower Oil;Citrus Limon (Lemon) Fruit Extract;Citrus Aurantium Dulcis (Orange) Fruit Extract;Mangifera Indica (Mango) Fruit Extract;Sodium Pca;Allantoin;Glycerin;Propylene Glycol;Disodium Edta;Sodium Hydroxide;Citric Acid;Carbomer;Triethanolamine;Polysorbate 20;Potassium Sorbate;Sodium Benzoate;Phenoxyethanol;Yellow 5 (Ci 19140);Blue 1 (Ci 42090),",,,,,,,,,,face mask,nan
Face Mask,BOSCIA,Sake Brightening Bio-Cellulose Mask,8,4.3,"Water, Dipropylene Glycol, Glycerin, Glycereth-26, Betaine, 1,2-Hexanediol, Hydroxyacetophenone, Niacinamide, Hydroxyethyl Urea, Polyglyceryl-10 Laurate, Hydroxyethyl Acrylate/Sodium Acryloyldimethyl Taurate Copolymer, Polysorbate 60, Sorbitan Isostearate, Acrylates/C10-30 Alkyl Acrylate Crosspolymer, Arginine, Sodium Hyaluronate, Cocos Nucifera (Coconut) Water, Cocos Nucifera (Coconut) Fruit Juice, Butylene Glycol, Sasa Quelpaertensis Extract, Trehalose, Allantoin, Dipotassium Glycyrrhizate, Aspergillus/Rice Ferment Extract, Oryza Sativa (Rice) Bran Extract, Lavandula Angustifolia (Lavender) Oil, Linalool.",1,1,1,1,1,sake_brightening_bio_cellulose_mask,boscia,face_mask,boscia_sake_brightening_bio_cellulose_mask,,,,,,,,,,"Dipropylene Glycol;Glycerin;Glycereth-26;Betaine;1,2-Hexanediol;Hydroxyacetophenone;Niacinamide;Hydroxyethyl Urea;Polyglyceryl-10 Laurate;Hydroxyethyl Acrylate/Sodium Acryloyldimethyl Taurate Copolymer;Polysorbate 60;Sorbitan Isostearate;Acrylates/C10-30 Alkyl Acrylate Crosspolymer;Arginine;Sodium Hyaluronate;Cocos Nucifera (Coconut) Water;Cocos Nucifera (Coconut) Fruit Juice;Butylene Glycol;Sasa Quelpaertensis Extract;Trehalose;Allantoin;Dipotassium Glycyrrhizate;Aspergillus/Rice Ferment Extract;Oryza Sativa (Rice) Bran Extract;Lavandula Angustifolia (Lavender) Oil;Linalool,",,,,,,,,,,face mask,nan
Face Mask,TOO COOL FOR SCHOOL,Egg Cream Mask Firming,6,4.2,"Water, Butylene Glycol, Glycerin, Glycereth-26, Caprylic/Capric Triglyceride, Carthamus Tinctorius (Safflower) Seed Oil, Cyclopentasiloxane, Cyclohexasiloxane, Glyceryl Stearate, PEG-100 Stearate, Polysorbate 60, Sodium Hyaluronate, Butyrospermum Parkii (Shea) Butter, Dimethicone, 1,2-Hexanediol, Cetearyl Alcohol, Phenoxyethanol, Acrylates/C10-30 Alkyl Acrylate Crosspolymer, Egg Yolk Extract, Sodium Polyacrylate, Arginine, Ethylhexylglycerin, Xanthan Gum, Adenosine, Tocopheryl Acetate, Hydrolyzed Collagen, Albumen Extract, Ubiquinone, Disodium EDTA, Fragrance.",1,1,1,0,1,egg_cream_mask_firming,too_cool_for_school,face_mask,too_cool_for_school_egg_cream_mask_firming,,,,,,,,,,"Butylene Glycol;Glycerin;Glycereth-26;Caprylic/Capric Triglyceride;Carthamus Tinctorius (Safflower) Seed Oil;Cyclopentasiloxane;Cyclohexasiloxane;Glyceryl Stearate;PEG-100 Stearate;Polysorbate 60;Sodium Hyaluronate;Butyrospermum Parkii (Shea) Butter;Dimethicone;1,2-Hexanediol;Cetearyl Alcohol;Phenoxyethanol;Acrylates/C10-30 Alkyl Acrylate Crosspolymer;Egg Yolk Extract;Sodium Polyacrylate;Arginine;Ethylhexylglycerin;Xanthan Gum;Adenosine;Tocopheryl Acetate;Hydrolyzed Collagen;Albumen Extract;Ubiquinone;Disodium EDTA;Fragrance,",,,,,,,,,,face mask,nan
Face Mask,TOO COOL FOR SCHOOL,Egg Cream Mask Pore Tightening,6,3.7,"Water, Butylene Glycol, Glycerin, Glycereth-26, PEG-32, Sodium Hyaluronate, PEG/PPG-17/6 Copolymer, 1,2-Hexanediol, Phenoxyethanol, Hydroxyethyl Acrylate/Sodium Acryloyldimethyl Taurate Copolymer, Panthenol, Albumen Extract, PEG-60 Hydrogenated Castor Oil, Acrylates/C10-30 Alkyl Acrylate Crosspolymer, Sodium Polyacrylate, Ethylhexylglycerin, Arginine, Xanthan Gum, Dextrin, Vinegar, Hamamelis Virginiana (Witch Hazel) Extract, Egg Yolk Extract, Disodium EDTA, Parfum.",1,0,0,1,0,egg_cream_mask_pore_tightening,too_cool_for_school,face_mask,too_cool_for_school_egg_cream_mask_pore_tightening,,,,,,,,,,"Butylene Glycol;Glycerin;Glycereth-26;PEG-32;Sodium Hyaluronate;PEG/PPG-17/6 Copolymer;1,2-Hexanediol;Phenoxyethanol;Hydroxyethyl Acrylate/Sodium Acryloyldimethyl Taurate Copolymer;Panthenol;Albumen Extract;PEG-60 Hydrogenated Castor Oil;Acrylates/C10-30 Alkyl Acrylate Crosspolymer;Sodium Polyacrylate;Ethylhexylglycerin;Arginine;Xanthan Gum;Dextrin;Vinegar;Hamamelis Virginiana (Witch Hazel) Extract;Egg Yolk Extract;Disodium EDTA;Parfum,",,,,,,,,,,face mask,nan
Face Mask,TOO COOL FOR SCHOOL,Coconut Ceramide Mask,6,4.5,"Water, Cocos Nucifera (Coconut) Water, Glycerin, Sodium Hyaluronate, Niacinamide, Dipropylene glycol, Methylpropanediol, 1,2-Hexanediol, Propanediol, Hydroxyethylcellulose, Arginine, Carbomer, Disodium EDTA, Allantoin, Dipotassium Glycyrrhizate, Trehalose, Panthenol, Adenosine, PEG- 60 Hydrogenated Castor Oil, Glyceryl Acrylate/Acrylic Acid Copolymer, Propylene Glycol, Glycyrrhiza Glabra (Licorice) Root Extract, Caprylyl Glycol, Schizandra Chinensis Fruit Extract, Coptis Japonica Root Extract, Zingiber Officinale (Ginger) Root Extract, Camellia Sinensis Leaf Extract, Citrus Grandis (Grapefruit) Seed Extract, Acorus Calamus Root Extract, Perilla Ocymoides Leaf Extract, Hydroxyacetophenone, Hexylene Glycol, Hydrogenated Lecithin, Ceramide 3, Caprylic/Capric Triglyceride, Cholesterol, Fragrance.",1,1,1,1,1,coconut_ceramide_mask,too_cool_for_school,face_mask,too_cool_for_school_coconut_ceramide_mask,,,,,,,,,,"Cocos Nucifera (Coconut) Water;Glycerin;Sodium Hyaluronate;Niacinamide;Dipropylene glycol;Methylpropanediol;1,2-Hexanediol;Propanediol;Hydroxyethylcellulose;Arginine;Carbomer;Disodium EDTA;Allantoin;Dipotassium Glycyrrhizate;Trehalose;Panthenol;Adenosine;PEG- 60 Hydrogenated Castor Oil;Glyceryl Acrylate/Acrylic Acid Copolymer;Propylene Glycol;Glycyrrhiza Glabra (Licorice) Root Extract;Caprylyl Glycol;Schizandra Chinensis Fruit Extract;Coptis Japonica Root Extract;Zingiber Officinale (Ginger) Root Extract;Camellia Sinensis Leaf Extract;Citrus Grandis (Grapefruit) Seed Extract;Acorus Calamus Root Extract;Perilla Ocymoides Leaf Extract;Hydroxyacetophenone;Hexylene Glycol;Hydrogenated Lecithin;Ceramide 3;Caprylic/Capric Triglyceride;Cholesterol;Fragrance,",,,,,,,,,,face mask,nan
Face Mask,BELIF,First Aid Transforming Peel Off Mask,34,3.9,"Water, Polyurethane-34, Dipropylene Glycol, Alcohol Denat, Silica, *Avena Sativa (Oat) Kernel Extract, *Calendula Officinalis Flower Extract, *Nepeta Cataria Extract, *Rubus Idaeus (Raspberry) Leaf Extract, *Baptisia Tinctoria Root Extract, *Stellaria Media (Chickweed) Extract, **Arnica Montana Flower Extract, **Dioscorea Villosa (Wild Yam) Root Extract, **Galium Aparine Extract, **Melissa Officinalis Leaf Extract, **Rosa Damascena Flower Extract, Salix Alba (Willow) Bark Extract, Dextrin, PEG-40 Hydrogenated Castor Oil, Acrylates/C10-30 Alkyl Acrylate Crosspolymer, Hydroxyethlcellulose, 1,2-Hexanediol, Tromethamine, Trisodium EDTA, ***Fragrance, Citral, Citronellol, Limonene, Geraniol, Linalool. *Napiers Original Formula. **Napiers Formula DTX. ***Fragrances of Natural Origin.",0,0,0,0,0,first_aid_transforming_peel_off_mask,belif,face_mask,belif_first_aid_transforming_peel_off_mask,,,,,,,,,,"Polyurethane-34;Dipropylene Glycol;Alcohol Denat;Silica;*Avena Sativa (Oat) Kernel Extract;*Calendula Officinalis Flower Extract;*Nepeta Cataria Extract;*Rubus Idaeus (Raspberry) Leaf Extract;*Baptisia Tinctoria Root Extract;*Stellaria Media (Chickweed) Extract;**Arnica Montana Flower Extract;**Dioscorea Villosa (Wild Yam) Root Extract;**Galium Aparine Extract;**Melissa Officinalis Leaf Extract;**Rosa Damascena Flower Extract;Salix Alba (Willow) Bark Extract;Dextrin;PEG-40 Hydrogenated Castor Oil;Acrylates/C10-30 Alkyl Acrylate Crosspolymer;Hydroxyethlcellulose;1,2-Hexanediol;Tromethamine;Trisodium EDTA;***Fragrance;Citral;Citronellol;Limonene;Geraniol;Linalool, *Napiers Original Formula, **Napiers Formula DTX, ***Fragrances of Natural Origin,",,,,,,,,,,face mask,nan
Face Mask,SKIN LAUNDRY,Wrinkle Release Facial Sheet Mask,58,4.2,"Water, Glycerin, Niacinamide, Butylene Glycol , Solanum Lycopersicum (Tomato) Fruit Extract, Oryza Sativa (Rice) Bran Extract , Daucus Carota Sativa (Carrot) Root Extract, Brassica Rapa (Turnip) Leaf Extract, Brassica Oleracea Italica (Broccoli) Extract, Brassica Oleracea Capitata (Cabbage) Leaf Extract, Apium Graveolens (Celery) Extract, Tromethamine, Carbomer Sodium Polyacrylate, Snail Secretion Filtrate, Raffinose, Hydrolyzed Starfish Extract, Betaine , Zanthoxylum Piperitum Fruit Extract, Usnea Barbata (Lichen) Extract, Pulsatilla Koreana Extract, Adenosine, Disodium EDTA, Sodium Hyaluronate.",1,1,1,1,1,wrinkle_release_facial_sheet_mask,skin_laundry,face_mask,skin_laundry_wrinkle_release_facial_sheet_mask,,,,,,,,,,"Glycerin;Niacinamide;Butylene Glycol;Solanum Lycopersicum (Tomato) Fruit Extract;Oryza Sativa (Rice) Bran Extract;Daucus Carota Sativa (Carrot) Root Extract;Brassica Rapa (Turnip) Leaf Extract;Brassica Oleracea Italica (Broccoli) Extract;Brassica Oleracea Capitata (Cabbage) Leaf Extract;Apium Graveolens (Celery) Extract;Tromethamine;Carbomer Sodium Polyacrylate;Snail Secretion Filtrate;Raffinose;Hydrolyzed Starfish Extract;Betaine;Zanthoxylum Piperitum Fruit Extract;Usnea Barbata (Lichen) Extract;Pulsatilla Koreana Extract;Adenosine;Disodium EDTA;Sodium Hyaluronate,",,,,,,,,,,face mask,nan
Face Mask,DERMADOCTOR,Ain’t Misbehavin’® Intensive 10% Sulfur Acne Mask & Emergency Spot Treatment,48,4.1,"Water, Kaolin, Magnesium Aluminum Silicate, Glycerin, Bentonite, Boswellia Serrata Extract, Butylene Glycol, PEG-60 Almond Glycerides, Caprylyl Glycol, Carbomer, Nordihydroguaiaretic Acid, Oleanolic Acid, Citric Acid, Phenoxyethanol, Ethylhexylglycerin, Zinc Oxide, Evodia Rutaecarpa Extract, Titanium Dioxide, Chamomilla Recutita (Matricaria) Flower Extract, Allantoin, Phytosphingosine, Salix Nigra (Willow) Bark Extract, Xanthan Gum, Panthenol, Potassium Sorbate, Camellia Sinensis (Japanese White Tea) Leaf Extract, Propylene Glycol, BHT, Hamamelis Virginiana (Witch Hazel) Extract, Avena Sativa (Oat) Kernel Extract, Citrus Medica Limonum (Lemon) Peel Oil, Fragrance.",0,0,0,0,0,ain’t_misbehavin’_intensive_10_sulfur_acne_mask_emergency_spot_treatment,dermadoctor,face_mask,dermadoctor_ain’t_misbehavin’_intensive_10_sulfur_acne_mask_emergency_spot_treatment,,,,,,,,,,"Kaolin;Magnesium Aluminum Silicate;Glycerin;Bentonite;Boswellia Serrata Extract;Butylene Glycol;PEG-60 Almond Glycerides;Caprylyl Glycol;Carbomer;Nordihydroguaiaretic Acid;Oleanolic Acid;Citric Acid;Phenoxyethanol;Ethylhexylglycerin;Zinc Oxide;Evodia Rutaecarpa Extract;Titanium Dioxide;Chamomilla Recutita (Matricaria) Flower Extract;Allantoin;Phytosphingosine;Salix Nigra (Willow) Bark Extract;Xanthan Gum;Panthenol;Potassium Sorbate;Camellia Sinensis (Japanese White Tea) Leaf Extract;Propylene Glycol;BHT;Hamamelis Virginiana (Witch Hazel) Extract;Avena Sativa (Oat) Kernel Extract;Citrus Medica Limonum (Lemon) Peel Oil;Fragrance,",0.0,22.0,4170.0,4.1818,2.3,,20.87,19.01,0.53,face mask,nan
Face Mask,KATE SOMERVILLE,Age Arrest Hydrating Firming Mask,75,4.3,"Water, Neopentyl Glycol Diethylhexanoate, Caprylic/Capric Triglyceride, Bis-Stearyl Dimethicone, Stearyl Alcohol, Glycerin, Cocoglycerides, Propanediol, Cetyl Esters, Dimethicone, Hydroxyethylacrylate/Sodium Acryloyldimethyl Taurate Copolymer, Ceteareth-20, Cetyl Alcohol, Glyceryl Stearate, PEG-40 Stearate, Ergothioneine, Phenoxyethanol, Panthenol, Elaeis Guineensis (Palm) Oil, Kappaphycus Alvarezii Extract, Tocopheryl Acetate, Palmitoyl Dipeptide-10, Tetrahexydecyl Ascorbate, Tripleurospermum Maritima Extract, Xanthan Gum, Ethylhexylglycerin, Aloe Barbadensis Leaf Juice, C12-15 Alkyl Benzoate, Ceramide-3, Cetyl Palmitate, Disodium EDTA, Hydrolyzed Hyaluronic Acid, Laureth-23, Nymphaea Alba Leaf Cell Extract, Tocopherol, Tocotrienols, Trideceth-6 Phosphate, Adenosine, Alcohol, Sea Whip Extract, Aniba Rosaeodora (Rosewood) Wood Extract, Cananga Odorata Flower Extract, Centella Asiatica Leaf Cell Extract, Camellia Sinensis (Green Tea) Leaf Extract, Citrus Auranitum Bergamia (Bergamot) Fruit Extract, Coriandrum Sativum (Coriander) Seed Extract, Cucumis Melo Cantalupensis Fruit Extract, Cucumis Sativus (Cucumber) Fruit Extract, Cupressus Sempervirens Seed Extract, Fucus Visiculous Extract, Jasmie Officinale (Jasmine) Flower/Leaf Extract, Lavendula Angustifolia (Lavender) Flower/Leaf Stem Extract, Mentha Piperita (Peppermint) Leaf Extract, Passiflora Incarnate Fruit Extract, Prunus Armeniaca (Apricot) Fruit Extract, Prunus Persica (Peach) Fruit Extract, Pyrus Malus (Apple) Fruit Extract, Rosa Canina (Rose) Extract, Rosmarinus Officinalis (Rosemary) Leaf Extract, Rubus Idaeus (Raspberry) Fruit Extract, Santalum Album (Sandalwood) Wood Extract), Vanilla Plantifolia Fruit Extract.",0,0,0,0,0,age_arrest_hydrating_firming_mask,kate_somerville,face_mask,kate_somerville_age_arrest_hydrating_firming_mask,,,,,,,,,,"Neopentyl Glycol Diethylhexanoate;Caprylic/Capric Triglyceride;Bis-Stearyl Dimethicone;Stearyl Alcohol;Glycerin;Cocoglycerides;Propanediol;Cetyl Esters;Dimethicone;Hydroxyethylacrylate/Sodium Acryloyldimethyl Taurate Copolymer;Ceteareth-20;Cetyl Alcohol;Glyceryl Stearate;PEG-40 Stearate;Ergothioneine;Phenoxyethanol;Panthenol;Elaeis Guineensis (Palm) Oil;Kappaphycus Alvarezii Extract;Tocopheryl Acetate;Palmitoyl Dipeptide-10;Tetrahexydecyl Ascorbate;Tripleurospermum Maritima Extract;Xanthan Gum;Ethylhexylglycerin;Aloe Barbadensis Leaf Juice;C12-15 Alkyl Benzoate;Ceramide-3;Cetyl Palmitate;Disodium EDTA;Hydrolyzed Hyaluronic Acid;Laureth-23;Nymphaea Alba Leaf Cell Extract;Tocopherol;Tocotrienols;Trideceth-6 Phosphate;Adenosine;Alcohol;Sea Whip Extract;Aniba Rosaeodora (Rosewood) Wood Extract;Cananga Odorata Flower Extract;Centella Asiatica Leaf Cell Extract;Camellia Sinensis (Green Tea) Leaf Extract;Citrus Auranitum Bergamia (Bergamot) Fruit Extract;Coriandrum Sativum (Coriander) Seed Extract;Cucumis Melo Cantalupensis Fruit Extract;Cucumis Sativus (Cucumber) Fruit Extract;Cupressus Sempervirens Seed Extract;Fucus Visiculous Extract;Jasmie Officinale (Jasmine) Flower/Leaf Extract;Lavendula Angustifolia (Lavender) Flower/Leaf Stem Extract;Mentha Piperita (Peppermint) Leaf Extract;Passiflora Incarnate Fruit Extract;Prunus Armeniaca (Apricot) Fruit Extract;Prunus Persica (Peach) Fruit Extract;Pyrus Malus (Apple) Fruit Extract;Rosa Canina (Rose) Extract;Rosmarinus Officinalis (Rosemary) Leaf Extract;Rubus Idaeus (Raspberry) Fruit Extract;Santalum Album (Sandalwood) Wood Extract);Vanilla Plantifolia Fruit Extract,",,,,,,,,,,face mask,nan
Face Mask,SEPHORA COLLECTION,Jelly Mask Moisturizing & Energizing,19,4.6,"Water, Methylpropanediol, Glycerin, Polysorbate 20, Acrylates/C10-30 Alkyl Acrylate Crosspolymer, Phenoxyethanol, Sodium Ascorbyl Phosphate, Sodium Hydroxide, Panthenol, Caprylyl Glycol, Allantoin, PEG-20 Glyceryl Laurate, Fragrance, Sodium Hyaluronate, Sodium Phytate, Tocopherol, Linoleic Acid, Retinyl Palmitate, Pantolactone, CI 15985 (Yellow 6), Alcohol, Diethylhexyl Syringylidene Malonate, Caprylic/Capric Triglyceride.",0,0,0,0,0,jelly_mask_moisturizing_energizing,sephora_collection,face_mask,sephora_collection_jelly_mask_moisturizing_energizing,,,,,,,,,,"Methylpropanediol;Glycerin;Polysorbate 20;Acrylates/C10-30 Alkyl Acrylate Crosspolymer;Phenoxyethanol;Sodium Ascorbyl Phosphate;Sodium Hydroxide;Panthenol;Caprylyl Glycol;Allantoin;PEG-20 Glyceryl Laurate;Fragrance;Sodium Hyaluronate;Sodium Phytate;Tocopherol;Linoleic Acid;Retinyl Palmitate;Pantolactone;CI 15985 (Yellow 6);Alcohol;Diethylhexyl Syringylidene Malonate;Caprylic/Capric Triglyceride,",,,,,,,,,,face mask,nan
Face Mask,ORIGINS,Dragon Fruit Brightening Superfruit Mask,27,3.8,"Water, Dimethicone, Butylene Glycol, Glycerin, Trisiloxane, Juglans Regia (Walnut) Shell Powder, Citrus Aurantium Dulcis (Orange) Peel Oil*, Citrus Limon (Lemon) Peel Oil*, Citrus Reticulata (Tangerine) Leaf Oil*, Citrus Aurantifolia (Lime) Oil*, Cananga Odorata Flower Oil*, Ribes Nigrum (Black Currant) Seed Oil*, Pelargonium Graveolens Flower Oil*, Amyris Balsamifera Bark Oil*, Dipteryx Odorata Seed Extract, Citrus Aurantium Amara (Bitter Orange) Flower Extract, Triethyl Citrate,Vanillin, Limonene, Linalool, Citral, Coumarin, Geraniol, Hylocereus Undatus Fruit Extract, Trehalose, Ammonium Acryloyldimethyltaurate/VP Copolymer, Sucrose**, Gelidiella Acerosa Extract, Hypnea Musciformis (Algae) Extract, Caffeine, Sodium Hyaluronate, Sorbitol, Oleth-10, Caprylyl Glycol, Raspberry Ketone, Tocopheryl Acetate, Tetrahexyldecyl Ascorbate, Acrylates/C10-30 Alkyl Acrylate Crosspolymer, Tromethamine, Hexylene Glycol, Phenoxyethanol, Bht, Titanium Dioxide (Ci 77891), Red 33 (Ci 17200), Red 4 (Ci 14700).",1,1,1,1,0,dragon_fruit_brightening_superfruit_mask,origins,face_mask,origins_dragon_fruit_brightening_superfruit_mask,,,,,,,,,,"Dimethicone;Butylene Glycol;Glycerin;Trisiloxane;Juglans Regia (Walnut) Shell Powder;Citrus Aurantium Dulcis (Orange) Peel Oil*;Citrus Limon (Lemon) Peel Oil*;Citrus Reticulata (Tangerine) Leaf Oil*;Citrus Aurantifolia (Lime) Oil*;Cananga Odorata Flower Oil*;Ribes Nigrum (Black Currant) Seed Oil*;Pelargonium Graveolens Flower Oil*;Amyris Balsamifera Bark Oil*;Dipteryx Odorata Seed Extract;Citrus Aurantium Amara (Bitter Orange) Flower Extract;Triethyl Citrate;Vanillin;Limonene;Linalool;Citral;Coumarin;Geraniol;Hylocereus Undatus Fruit Extract;Trehalose;Ammonium Acryloyldimethyltaurate/VP Copolymer;Sucrose**;Gelidiella Acerosa Extract;Hypnea Musciformis (Algae) Extract;Caffeine;Sodium Hyaluronate;Sorbitol;Oleth-10;Caprylyl Glycol;Raspberry Ketone;Tocopheryl Acetate;Tetrahexyldecyl Ascorbate;Acrylates/C10-30 Alkyl Acrylate Crosspolymer;Tromethamine;Hexylene Glycol;Phenoxyethanol;Bht;Titanium Dioxide (Ci 77891);Red 33 (Ci 17200);Red 4 (Ci 14700),",,,,,,,,,,face mask,nan
Face Mask,SKIN LAUNDRY,Hydrating Facial Sheet Mask,48,4.2,"Water, Glycerin, Limnanthes Alba, Citrullus Vulgaris (Watermelon), Lens Esculenta (Lentil) Fruit Extract, Lens Esculenta (Lentil) Seed Extract, Pyrus Malus (Apple) Fruit Extract, Niacinamide, Squalane, Dipotassium Glycyrrhizate, Sodium Lactate, Sodium Hyaluronate, Sodium PCA, Cetearyl Alcohol, Dimethicone, Potassium Cetyl Phosphate, Disodium EDTA, Sodium Hydroxide, Carbomer, Hexylene Glycol, Ethylhexylglycerin, Caprylyl Glycol, Phenoxyethanol.",1,1,1,1,1,hydrating_facial_sheet_mask,skin_laundry,face_mask,skin_laundry_hydrating_facial_sheet_mask,,,,,,,,,,"Glycerin;Limnanthes Alba;Citrullus Vulgaris (Watermelon);Lens Esculenta (Lentil) Fruit Extract;Lens Esculenta (Lentil) Seed Extract;Pyrus Malus (Apple) Fruit Extract;Niacinamide;Squalane;Dipotassium Glycyrrhizate;Sodium Lactate;Sodium Hyaluronate;Sodium PCA;Cetearyl Alcohol;Dimethicone;Potassium Cetyl Phosphate;Disodium EDTA;Sodium Hydroxide;Carbomer;Hexylene Glycol;Ethylhexylglycerin;Caprylyl Glycol;Phenoxyethanol,",,,,,,,,,,face mask,nan
Face Mask,REN CLEAN SKINCARE,Clarimatte™ Invisible Pores Detox Mask,38,4.0,"Lavendula Angustifolia (Lavender) Flower Water, Kaolin (French Clay), Cetearyl Alcohol (Source Coconut oil), Cetearyl Glucoside ( Source Corn), Spirulina Platensis Powder, Lactic Acid (Source Wheat), Sodium Hydroxymethylglycinate (Source Amino Acid), Phenoxyethanol (Source Aromatic Ether), Lavandula Angustifolia (Lavender) Oil, Callitris Intratropica (Blue Cypress) Oil, Citrus Aurantium Bergamia (Bergamot) Fruit Oil, Limonene, Linalool.",0,0,0,0,0,clarimatte_invisible_pores_detox_mask,ren_clean_skincare,face_mask,ren_clean_skincare_clarimatte_invisible_pores_detox_mask,,,,,,,,,,"Lavendula Angustifolia (Lavender) Flower Water;Kaolin (French Clay);Cetearyl Alcohol (Source Coconut oil);Cetearyl Glucoside ( Source Corn);Spirulina Platensis Powder;Lactic Acid (Source Wheat);Sodium Hydroxymethylglycinate (Source Amino Acid);Phenoxyethanol (Source Aromatic Ether);Lavandula Angustifolia (Lavender) Oil;Callitris Intratropica (Blue Cypress) Oil;Citrus Aurantium Bergamia (Bergamot) Fruit Oil;Limonene;Linalool,",,,,,,,,,,face mask,nan
Face Mask,LANCER,Radiance Awakening Mask Intense,140,4.0,"Water, Caprylic/Capric Triglyceride, Neopentyl Glycol Diheptanoate, Niacinamide, Tetrahexyldecyl Ascorbate, Bis-Stearyl Dimethicone, Isopropyl Isostearate, Cetearyl Alcohol, Squalane, Cetyl Palmitate, Stearyl Alcohol, Glyceryl Stearate, Polymethylsilsesquioxane, Panthenol, Ceteareth-20, Oryza Sativa (Rice) Bran Extract, Rosmarinus Officinalis (Rosemary) Leaf Extract, Helianthus Annuus (Sunflower) Seed Extract, Sodium Hyaluronate, Galactoarabinan, Actinidia Polygama Fruit Extract, Prunus Mume Fruit Extract, Bisabolol, Chondrus Crispus Extract, Gluconolactone, Phenylethyl Resorcinol, HDI/Trimethylol Hexyllactone Crosspolymer, Stearyl Glycyrrhetinate, Tocopherol, Caprylyl/Capryl Glucoside, PEG-40 Stearate, Sodium Acrylate/Sodium Acryloyldimethyl Taurate Copolymer, Polyisobutene, Xanthan Gum, Sorbitan Oleate, Silica, Disodium EDTA, Caprylyl Glycol, Ethylhexylglycerin, Hexylene Glycol, Citric Acid, Sodium Benzoate, Phenoxyethanol, Titanium Dioxide (CI 77891).",1,1,1,0,1,radiance_awakening_mask_intense,lancer,face_mask,lancer_radiance_awakening_mask_intense,,,,,,,,,,"Caprylic/Capric Triglyceride;Neopentyl Glycol Diheptanoate;Niacinamide;Tetrahexyldecyl Ascorbate;Bis-Stearyl Dimethicone;Isopropyl Isostearate;Cetearyl Alcohol;Squalane;Cetyl Palmitate;Stearyl Alcohol;Glyceryl Stearate;Polymethylsilsesquioxane;Panthenol;Ceteareth-20;Oryza Sativa (Rice) Bran Extract;Rosmarinus Officinalis (Rosemary) Leaf Extract;Helianthus Annuus (Sunflower) Seed Extract;Sodium Hyaluronate;Galactoarabinan;Actinidia Polygama Fruit Extract;Prunus Mume Fruit Extract;Bisabolol;Chondrus Crispus Extract;Gluconolactone;Phenylethyl Resorcinol;HDI/Trimethylol Hexyllactone Crosspolymer;Stearyl Glycyrrhetinate;Tocopherol;Caprylyl/Capryl Glucoside;PEG-40 Stearate;Sodium Acrylate/Sodium Acryloyldimethyl Taurate Copolymer;Polyisobutene;Xanthan Gum;Sorbitan Oleate;Silica;Disodium EDTA;Caprylyl Glycol;Ethylhexylglycerin;Hexylene Glycol;Citric Acid;Sodium Benzoate;Phenoxyethanol;Titanium Dioxide (CI 77891),",,,,,,,,,,face mask,nan
Face Mask,BELIF,The True Tincture Mask - Chamomile,36,4.3,"Water, Glycerin, Chamomilla Recutita (Matricia) Flower Extract (10.7%), Dipropylene Glycol, 1,2-Hexanediol, Panthenol, Dimethicone, Avena Sativa (Oat) Kernel Extract*, Calendula Officinalis Flower Extract*, Nepeta Cataria Extract*, Rubus Idaeus (Raspberry) Leaf Extract*, Baptisia Tinctoria Root Extract*, Stellaria Media (Chickweed) Extract*, Butylene Glycol, Centella Asiatica Extract, Glycyrrhiza Glabra (Licorice) Root Extract, Camellia Sinensis Leaf Extract, Scutellaria Baicalensis Root Extract, Polygonum Cuspidatum Root Extract, Rosmarinus Officinalis (Rosemary) Leaf Extract, Tocopherol, Glyceryl Acrylate/Acrylic Acid Copolymer, Chamomilla Recutita (Matricia) Flower (0.5%), Carthamus Tinctorius (Safflower) Flower Extract, Theobroma Cacao (Cocoa) Extract, Carbomer, Acrylates/C10-30 Alkyl Acrylate Crosspolymer, Tromethamine, Trisodium EDTA, PEG-60 Hydrogenated Castor Oil, Fragrance+, Limonene. *Napiers original formula. +Fragrances of natural origin.",0,1,1,0,1,the_true_tincture_mask_chamomile,belif,face_mask,belif_the_true_tincture_mask_chamomile,,,,,,,,,,"Glycerin;Chamomilla Recutita (Matricia) Flower Extract (10,7%);Dipropylene Glycol;1,2-Hexanediol;Panthenol;Dimethicone;Avena Sativa (Oat) Kernel Extract*;Calendula Officinalis Flower Extract*;Nepeta Cataria Extract*;Rubus Idaeus (Raspberry) Leaf Extract*;Baptisia Tinctoria Root Extract*;Stellaria Media (Chickweed) Extract*;Butylene Glycol;Centella Asiatica Extract;Glycyrrhiza Glabra (Licorice) Root Extract;Camellia Sinensis Leaf Extract;Scutellaria Baicalensis Root Extract;Polygonum Cuspidatum Root Extract;Rosmarinus Officinalis (Rosemary) Leaf Extract;Tocopherol;Glyceryl Acrylate/Acrylic Acid Copolymer;Chamomilla Recutita (Matricia) Flower (0,5%);Carthamus Tinctorius (Safflower) Flower Extract;Theobroma Cacao (Cocoa) Extract;Carbomer;Acrylates/C10-30 Alkyl Acrylate Crosspolymer;Tromethamine;Trisodium EDTA;PEG-60 Hydrogenated Castor Oil;Fragrance+;Limonene, *Napiers original formula, +Fragrances of natural origin,",0.0,20.0,3387.0,4.45,2.53,Moisturizers,18.18,22.25,0.59,face mask,nan
Face Mask,ORIGINS,GinZing™ Peel-Off Mask to Refine and Refresh,28,3.0,"Water, Alcohol Denat., Polyvinyl Alcohol, Zea Mays (Corn) Starch, Silica, Hexylene Glycol, Citrus Limon (Lemon) Peel Oil*, Citrus Grandis (Grapefruit) Peel Oil*, Mentha Viridis (Spearmint) Leaf Oil*, Citrus Aurantium Dulcis (Orange) Peel Oil*, Limonene, Linalool, Citral, Panax Ginseng (Ginseng) Root Extract, Pyrus Malus (Apple) Fruit Extract, Algae Extract, Camellia Sinensis (Green Tea) Leaf Extract, Citrus Aurantium Dulcis (Orange) Fruit Extract, Citrus Limon (Lemon) Peel Extract, Saccharum Officinarum (Sugar Cane) Extract/Extrait De Canne � Sucre, Isoceteth-20, Caffeine, Xanthan Gum, Aminomethyl Propanol, Carbomer, Phenoxyethanol, Mica, Iron Oxides (Ci 77491), Titanium Dioxide (Ci 77891) * Essential Oil Please be aware that ingredient lists may change or vary from time to time.� Please refer to the ingredient list on the product package you receive for the most up to date list of ingredients.",1,0,1,1,0,ginzing_peel_off_mask_to_refine_and_refresh,origins,face_mask,origins_ginzing_peel_off_mask_to_refine_and_refresh,,,,,,,,,,"Alcohol Denat,;Polyvinyl Alcohol;Zea Mays (Corn) Starch;Silica;Hexylene Glycol;Citrus Limon (Lemon) Peel Oil*;Citrus Grandis (Grapefruit) Peel Oil*;Mentha Viridis (Spearmint) Leaf Oil*;Citrus Aurantium Dulcis (Orange) Peel Oil*;Limonene;Linalool;Citral;Panax Ginseng (Ginseng) Root Extract;Pyrus Malus (Apple) Fruit Extract;Algae Extract;Camellia Sinensis (Green Tea) Leaf Extract;Citrus Aurantium Dulcis (Orange) Fruit Extract;Citrus Limon (Lemon) Peel Extract;Saccharum Officinarum (Sugar Cane) Extract/Extrait De Canne � Sucre;Isoceteth-20;Caffeine;Xanthan Gum;Aminomethyl Propanol;Carbomer;Phenoxyethanol;Mica;Iron Oxides (Ci 77491);Titanium Dioxide (Ci 77891) * Essential Oil Please be aware that ingredient lists may change or vary from time to time,� Please refer to the ingredient list on the product package you receive for the most up to date list of ingredients,",,,,,,,,,,face mask,nan
Face Mask,SEPHORA COLLECTION,Nose Mask - Pineapple,3,2.9,"Water, Hydroxyethyl Urea, Glycereth-26, Glycerin, Alcohol Denat., 1,2-Hexanediol, Coceth-7, PPG-1-PEG-9 Lauryl Glycol Ether, Phenoxyethanol, Epilobium Fleischeri Extract, PEG-40 Hydrogenated Castor Oil, Ananas Sativus (Pineapple) Fruit Extract, Betaine, Fragrance, Hydroxyethyl Acrylate/Sodium Acryloyldimethyl Taurate Copolymer, Arginine, Carbomer, Ethylhexylglycerin, Disodium EDTA, Citric Acid, Potassium Sorbate, Polysorbate 60, Sorbitan Isostearate, Sodium Benzoate, Tocopherol.",1,1,1,1,1,nose_mask_pineapple,sephora_collection,face_mask,sephora_collection_nose_mask_pineapple,,,,,,,,,,"Hydroxyethyl Urea;Glycereth-26;Glycerin;Alcohol Denat,;1,2-Hexanediol;Coceth-7;PPG-1-PEG-9 Lauryl Glycol Ether;Phenoxyethanol;Epilobium Fleischeri Extract;PEG-40 Hydrogenated Castor Oil;Ananas Sativus (Pineapple) Fruit Extract;Betaine;Fragrance;Hydroxyethyl Acrylate/Sodium Acryloyldimethyl Taurate Copolymer;Arginine;Carbomer;Ethylhexylglycerin;Disodium EDTA;Citric Acid;Potassium Sorbate;Polysorbate 60;Sorbitan Isostearate;Sodium Benzoate;Tocopherol,",,,,,,,,,,face mask,nan
Face Mask,SEPHORA COLLECTION,Peel-off Mask,20,3.6,"Water, Talc, Alcohol Denat., Polyvinyl Alcohol, Kaolin, Glycerin, Propylene Glycol, Bentonite, PEG-7 Glyceryl Cocoate, Butylene Glycol, Gluconolactone, Sodium Gluconate, Fragrance, Tocopherol, Xanthan Gum, Carica Papaya Fruit Extract (Carica Papaya (Papaya) Fruit Extract), Maltodextrin, CI 19140 (Yellow 5), CI 17200 (Red 33), Citrus Paradisi (Grapefruit) Seed Extract.",1,1,1,1,0,peel_off_mask,sephora_collection,face_mask,sephora_collection_peel_off_mask,,,,,,,,,,"Talc;Alcohol Denat,;Polyvinyl Alcohol;Kaolin;Glycerin;Propylene Glycol;Bentonite;PEG-7 Glyceryl Cocoate;Butylene Glycol;Gluconolactone;Sodium Gluconate;Fragrance;Tocopherol;Xanthan Gum;Carica Papaya Fruit Extract (Carica Papaya (Papaya) Fruit Extract);Maltodextrin;CI 19140 (Yellow 5);CI 17200 (Red 33);Citrus Paradisi (Grapefruit) Seed Extract,",,,,,,,,,,face mask,nan
Face Mask,LANCÔME,Energie de Vie Glow Boosting Mini Mask Trio,39,5.0,Visit the Lancôme boutique,1,1,1,1,1,energie_de_vie_glow_boosting_mini_mask_trio,lancôme,face_mask,lancôme_energie_de_vie_glow_boosting_mini_mask_trio,,,,,,,,,,Visit the Lancôme boutique,,,,,,,,,,face mask,nan
Face Mask,LANEIGE,Water Pocket Sheet Mask Water Bank (Moisturizing),6,4.1,"Water, Dipropylene Glycol, Glycerin, 1,2-Hexanediol, Phenoxyethanol, Peg-60 Hydrogenated Castor Oil, Carbomer, Ethylhexylglycerin, Tromethamine, Hydroxyethylcellulose, Fragrance, Xanthan Gum, Disodium Edta, 1,2-Hexanediol, Chenopodium Quinoa Seed Extract, Magnesium Sulfate, Calcium Chloride, Phenoxyethanol, Manganese Sulfate, Zinc Sulfate, Ascorbyl Glucoside.",1,1,1,1,1,water_pocket_sheet_mask_water_bank,laneige,face_mask,laneige_water_pocket_sheet_mask_water_bank,,,,,,,,,,"Dipropylene Glycol;Glycerin;1,2-Hexanediol;Phenoxyethanol;Peg-60 Hydrogenated Castor Oil;Carbomer;Ethylhexylglycerin;Tromethamine;Hydroxyethylcellulose;Fragrance;Xanthan Gum;Disodium Edta;1,2-Hexanediol;Chenopodium Quinoa Seed Extract;Magnesium Sulfate;Calcium Chloride;Phenoxyethanol;Manganese Sulfate;Zinc Sulfate;Ascorbyl Glucoside,",,,,,,,,,,face mask,nan
Face Mask,ORIGINS,Flower Fusion™ Lavender Soothing Sheet Mask,7,4.3,"Water, Butylene Glycol, Bis-Peg-18 Methyl Ether Dimethyl Silane, Methyl Gluceth-20, Lavandula Angustifolia (Lavender) Oil*, Eucalyptus Globulus Leaf Oil*, Mentha Viridis (Spearmint) Leaf Oil*, Ricinus Communis (Castor) Seed Oil, Linalool, Lavandula Angustifolia (Lavender) Flower Wax, Hypnea Musciformis (Algae) Extract, Gelidiella Acerosa Extract, Caffeine, Olea Europaea (Olive) Fruit Oil, Dimethicone, Squalane, Arginine, Peg-60 Hydrogenated Castor Oil, Caprylyl Glycol, Trehalose, Sodium Hyaluronate, Carbomer, Hexylene Glycol, Octyldodecanol, Disodium Edta, Potassium Sorbate, Phenoxyethanol * Essential Oil Please be aware that ingredient lists may change or vary from time to time.� Please refer to the ingredient list on the product package you receive for the most up to date list of ingredients.",1,1,1,1,1,flower_fusion_lavender_soothing_sheet_mask,origins,face_mask,origins_flower_fusion_lavender_soothing_sheet_mask,,,,,,,,,,"Butylene Glycol;Bis-Peg-18 Methyl Ether Dimethyl Silane;Methyl Gluceth-20;Lavandula Angustifolia (Lavender) Oil*;Eucalyptus Globulus Leaf Oil*;Mentha Viridis (Spearmint) Leaf Oil*;Ricinus Communis (Castor) Seed Oil;Linalool;Lavandula Angustifolia (Lavender) Flower Wax;Hypnea Musciformis (Algae) Extract;Gelidiella Acerosa Extract;Caffeine;Olea Europaea (Olive) Fruit Oil;Dimethicone;Squalane;Arginine;Peg-60 Hydrogenated Castor Oil;Caprylyl Glycol;Trehalose;Sodium Hyaluronate;Carbomer;Hexylene Glycol;Octyldodecanol;Disodium Edta;Potassium Sorbate;Phenoxyethanol * Essential Oil Please be aware that ingredient lists may change or vary from time to time,� Please refer to the ingredient list on the product package you receive for the most up to date list of ingredients,",,,,,,,,,,face mask,nan
Face Mask,LANCER,Younger® Revealing Mask Intense,250,4.3,"Iron Powder, Dimethicone, Polymethylsilsesquioxane, Cetearyl Dimethicone, Polysilicone-11, Dimethicone/Divinyldimethicone/Silsesquioxane Crosspolymer, Hydrogenated Coco-Glycerides, Tribehenin, Caprylic/Capric Triglyceride, Glyceryl Stearate, Hydroxypinacolone Retinoate, Isohexadecane, Cetearyl Alcohol, Stearyl Alcohol, Behenyl Alcohol, Palmitic Acid, Stearic Acid, Ammonium Polyacryloyldimethyl Taurate, Polysorbate 20, Polysorbate 80, Tocopheryl Acetate, Menthoxypropanediol, Vanillyl Butyl Ether, Dimethyl Isosorbide.",1,1,1,1,1,younger_revealing_mask_intense,lancer,face_mask,lancer_younger_revealing_mask_intense,,,,,,,,,,"Iron Powder;Dimethicone;Polymethylsilsesquioxane;Cetearyl Dimethicone;Polysilicone-11;Dimethicone/Divinyldimethicone/Silsesquioxane Crosspolymer;Hydrogenated Coco-Glycerides;Tribehenin;Caprylic/Capric Triglyceride;Glyceryl Stearate;Hydroxypinacolone Retinoate;Isohexadecane;Cetearyl Alcohol;Stearyl Alcohol;Behenyl Alcohol;Palmitic Acid;Stearic Acid;Ammonium Polyacryloyldimethyl Taurate;Polysorbate 20;Polysorbate 80;Tocopheryl Acetate;Menthoxypropanediol;Vanillyl Butyl Ether;Dimethyl Isosorbide,",,,,,,,,,,face mask,nan
Face Mask,ANTHONY,Deep Pore Cleansing Clay,24,4.4,"Water, Kaolin, Bentonite, Glyceryl Stearate, Peg- 100 Stearate, Glycerin, Propane- Diol, Prunus Armeniaca (Apricot) Kernel Oil, Lactic Acid, Calendula Officinalis Flower Extract, Gaultheria Procumbens (Wintergreen) Leaf Extract, Mentha Arvensis Leaf Extract, Hydrolyzed Vegetable Protein, Aloe Barba- Densis Leaf Juice Powder, Citrus Aurantium Dulcis (Orange) Peel Oil, Mentha Arvensis (Cornmint) Oil, Rosmarinus Officinalis (Rose- Mary) Oil, Eucalyptus Globulus (Eucalyptus) Oil, Mentha Spicata (Spearmint) Leaf Oil, Ocimum Basillicum (Basil) Oil, Panthenol, Tocopheryl Acetate, Ascorbic Acid, Retinyl Palmitate, Cellulose Gum, Sodium Polyacrylate, Peg-35 Castor Oil, Caprylyl Glycol, Sodium Hydroxide, Disodium Edta, Guaiazulene, Bht, Phenoxy- Ethanol, Chlorphenesin, Potassium Sorbate, Sodium Benzoate, Methylisothia- Zolinone, Benzyl Alcohol, Iron Oxides (Ci 77491).",0,0,0,0,0,deep_pore_cleansing_clay,anthony,face_mask,anthony_deep_pore_cleansing_clay,0.0,102.0,5261.0,4.4314,3.0,Treatments,8.0,4.34,1.94,"Kaolin;Bentonite;Glyceryl Stearate;Peg- 100 Stearate;Glycerin;Propane- Diol;Prunus Armeniaca (Apricot) Kernel Oil;Lactic Acid;Calendula Officinalis Flower Extract;Gaultheria Procumbens (Wintergreen) Leaf Extract;Mentha Arvensis Leaf Extract;Hydrolyzed Vegetable Protein;Aloe Barba- Densis Leaf Juice Powder;Citrus Aurantium Dulcis (Orange) Peel Oil;Mentha Arvensis (Cornmint) Oil;Rosmarinus Officinalis (Rose- Mary) Oil;Eucalyptus Globulus (Eucalyptus) Oil;Mentha Spicata (Spearmint) Leaf Oil;Ocimum Basillicum (Basil) Oil;Panthenol;Tocopheryl Acetate;Ascorbic Acid;Retinyl Palmitate;Cellulose Gum;Sodium Polyacrylate;Peg-35 Castor Oil;Caprylyl Glycol;Sodium Hydroxide;Disodium Edta;Guaiazulene;Bht;Phenoxy- Ethanol;Chlorphenesin;Potassium Sorbate;Sodium Benzoate;Methylisothia- Zolinone;Benzyl Alcohol;Iron Oxides (Ci 77491),",0.0,102.0,5261.0,4.4314,3.0,Treatments,8.0,4.34,1.94,face mask,Low (3k - 7k)
Face Mask,ALGENIST,SPLASH Absolute Hydration Replenishing Sleeping Pack,48,3.6,"Water, Butylene Glycol, Dimethicone, Glycerin, Isohexadecane, Ammonium Acryloyldimethyltaurate/VP Copolymer, Algae Exopolysaccharides, Porphyridium Cruentum Extract, Rhizobian Gum, Sea Water (Maris Aqua), Enteromorpha Compressa Extract, Citrullus Lanatus (Watermelon) Fruit Extract, Lens Esculenta (Lenti) Fruit Extract, Pyrus Malus (Apple) Fruit Extract, Beta-Glucan, 1,2-Hexanediol, Magnesium Aspartate, Zinc Gluconate, Chondrus Crispus Extract, Copper Gluconate, Sodium Hyaluronate Crosspolymer, Sodium Lactate, Disodium EDTA, Sodium PCA, Sodium Hydroxide, Propanediol, Ethylhexylglycerin, Sodium Benzoate, Potassium Sorbate, Pentylene Glycol, Caprylyl Glycol, Chlorphenesin, Phenoxyethanol, Fragrance (Parfum), Benzyl Benzoate, Butylphenyl Methylpropional, Hexyl Cinnamal, Hydroxyisohexyl 3-Cyclohexene Carboxaldehyde, Blue 1 (CI 42090).",1,1,1,1,1,splash_absolute_hydration_replenishing_sleeping_pack,algenist,face_mask,algenist_splash_absolute_hydration_replenishing_sleeping_pack,0.0,48.0,1800.0,3.6875,2.0,Moisturizers,24.0,7.68,2.67,"Butylene Glycol;Dimethicone;Glycerin;Isohexadecane;Ammonium Acryloyldimethyltaurate/VP Copolymer;Algae Exopolysaccharides;Porphyridium Cruentum Extract;Rhizobian Gum;Sea Water (Maris Aqua);Enteromorpha Compressa Extract;Citrullus Lanatus (Watermelon) Fruit Extract;Lens Esculenta (Lenti) Fruit Extract;Pyrus Malus (Apple) Fruit Extract;Beta-Glucan;1,2-Hexanediol;Magnesium Aspartate;Zinc Gluconate;Chondrus Crispus Extract;Copper Gluconate;Sodium Hyaluronate Crosspolymer;Sodium Lactate;Disodium EDTA;Sodium PCA;Sodium Hydroxide;Propanediol;Ethylhexylglycerin;Sodium Benzoate;Potassium Sorbate;Pentylene Glycol;Caprylyl Glycol;Chlorphenesin;Phenoxyethanol;Fragrance (Parfum);Benzyl Benzoate;Butylphenyl Methylpropional;Hexyl Cinnamal;Hydroxyisohexyl 3-Cyclohexene Carboxaldehyde;Blue 1 (CI 42090),",0.0,48.0,1800.0,3.6875,2.0,Moisturizers,24.0,7.68,2.67,face mask,Very Low (0 - 3k)
Face Mask,ORIGINS,Flower Fusion™ Rose Hydrating Sheet Mask,7,3.8,"Water, Butylene Glycol, Bis-Peg-18 Methyl Ether Dimethyl Silane, Methyl Gluceth-20, Pelargonium Graveolens Flower Oil*, Lavandula Angustifolia (Lavender) Oil*, Rosa Damascena Flower Oil*, Cananga Odorata Flower Oil*, Triethly Citrate, Citronellol, Linalool, Rosa Centifolia Flower Wax, Rosa Damascena Flower Wax, Hypnea Musciformis (Algae) Extract, Gelidiella Acerosa Extract, Caffeine, Olea Europaea (Olive) Fruit Oil, Dimethicone, Squalane, Arginine, Peg-60 Hydrogenated Castor Oil, Caprylyl Glycol, Trehalose, Sodium Hyaluronate, Carbomer, Hexylene Glycol, Octyldodecanol, Potassium Sorbate, Disodium Edta, Phenoxyethanol * Essential Oil Please be aware that ingredient lists may change or vary from time to time.� Please refer to the ingredient list on the product package you receive for the most up to date list of ingredients.",1,1,1,1,1,flower_fusion_rose_hydrating_sheet_mask,origins,face_mask,origins_flower_fusion_rose_hydrating_sheet_mask,,,,,,,,,,"Butylene Glycol;Bis-Peg-18 Methyl Ether Dimethyl Silane;Methyl Gluceth-20;Pelargonium Graveolens Flower Oil*;Lavandula Angustifolia (Lavender) Oil*;Rosa Damascena Flower Oil*;Cananga Odorata Flower Oil*;Triethly Citrate;Citronellol;Linalool;Rosa Centifolia Flower Wax;Rosa Damascena Flower Wax;Hypnea Musciformis (Algae) Extract;Gelidiella Acerosa Extract;Caffeine;Olea Europaea (Olive) Fruit Oil;Dimethicone;Squalane;Arginine;Peg-60 Hydrogenated Castor Oil;Caprylyl Glycol;Trehalose;Sodium Hyaluronate;Carbomer;Hexylene Glycol;Octyldodecanol;Potassium Sorbate;Disodium Edta;Phenoxyethanol * Essential Oil Please be aware that ingredient lists may change or vary from time to time,� Please refer to the ingredient list on the product package you receive for the most up to date list of ingredients,",,,,,,,,,,face mask,nan
Face Mask,BOBBI BROWN,Instant Detox Hawaiian Sea Water & White Clay Face Mask,51,4.4,"Water, Kaolin, Bentonite, Butylene Glycol, Glycerin, Charcoal Powder, Algae Extract, Polygonum Cuspidatum Root Extract, Saccharomyces Lysate Extract, Rosmarinus Officinalis (Rosemary), Lavandula Angustifolia (Lavender) Oil, Citrus Grandis (Grapefruit) Peel Oil, Laminaria Saccharina Extract, Sodium Hyaluronate, Caprylyl Glycol, Methyldihydrojasmonate, Hexylene Glycol, Xanthan Gum, Citral, Linalool, Limonene, Phenoxyethanol",0,0,0,0,0,instant_detox_hawaiian_sea_water_white_clay_face_mask,bobbi_brown,face_mask,bobbi_brown_instant_detox_hawaiian_sea_water_white_clay_face_mask,,,,,,,,,,Kaolin;Bentonite;Butylene Glycol;Glycerin;Charcoal Powder;Algae Extract;Polygonum Cuspidatum Root Extract;Saccharomyces Lysate Extract;Rosmarinus Officinalis (Rosemary);Lavandula Angustifolia (Lavender) Oil;Citrus Grandis (Grapefruit) Peel Oil;Laminaria Saccharina Extract;Sodium Hyaluronate;Caprylyl Glycol;Methyldihydrojasmonate;Hexylene Glycol;Xanthan Gum;Citral;Linalool;Limonene;Phenoxyethanol,,,,,,,,,,face mask,nan
Face Mask,CLARINS,SOS Hydra Refreshing Hydration Mask,34,3.8,"Water, Glycerin, Butylene Glycol, Stearic Acid, C12-15 Alkyl Benzoate, Dicaprylyl Carbonate, Betaine, Cetearyl Ethylhexanoate, Cetyl Alcohol, Propanediol, Ci 77891/ Titanium Dioxide, Ceteareth-12, Phenoxyethanol, Xylitylglucoside, Polyacrylamide, Fragrance, Anhydroxylitol, Carbomer, Synthetic Fluorphlogopite, C13-14 Isoparaffin, Ethylhexylglycerin, Tocopheryl Acetate, Tromethamine, Xylitol, Caprylhydroxamic Acid, Sodium Hyaluronate, Glyceryl Acrylate/Acrylic Acid Copolymer, Disodium Edta, Laureth-7, Glucose, Kalanchoe Pinnata Leaf Extract, Alumina, Alcohol .Citric Acid, Tris(Tetramethylhydroxypiperidinol) Citrate, Sodium Benzoate, Potassium Sorbate, Ci 42090/Blue 1.",1,1,1,0,0,sos_hydra_refreshing_hydration_mask,clarins,face_mask,clarins_sos_hydra_refreshing_hydration_mask,,,,,,,,,,"Glycerin;Butylene Glycol;Stearic Acid;C12-15 Alkyl Benzoate;Dicaprylyl Carbonate;Betaine;Cetearyl Ethylhexanoate;Cetyl Alcohol;Propanediol;Ci 77891/ Titanium Dioxide;Ceteareth-12;Phenoxyethanol;Xylitylglucoside;Polyacrylamide;Fragrance;Anhydroxylitol;Carbomer;Synthetic Fluorphlogopite;C13-14 Isoparaffin;Ethylhexylglycerin;Tocopheryl Acetate;Tromethamine;Xylitol;Caprylhydroxamic Acid;Sodium Hyaluronate;Glyceryl Acrylate/Acrylic Acid Copolymer;Disodium Edta;Laureth-7;Glucose;Kalanchoe Pinnata Leaf Extract;Alumina;Alcohol ,Citric Acid;Tris(Tetramethylhydroxypiperidinol) Citrate;Sodium Benzoate;Potassium Sorbate;Ci 42090/Blue 1,",,,,,,,,,,face mask,nan
Face Mask,ORIGINS,Flower Fusion™ Raspberry Refreshing Sheet Mask,7,4.6,"Water, Butylene Glycol, Bis-Peg-18 Methyl Ether Dimethyl Silane, Methyl Gluceth-20, Citrus Aurantium Dulcis (Orange) Peel Oil*, Citrus Limon (Lemon) Peel Oil*, Cymbopogon Martini Oil*, Ocimum Basilicum (Basil) Oil*, Ribes Nigrum (Black Currant) Seed Oil*, Rosa Damascena Flower Oil*, Pelargonium Graveolens Flower Oil*, Ricinus Communis (Castor) Seed Oil, Viola Odorata Flower/Leaf Extract, Osmanthus Fragrans Flower Extract, Limonene, Rubus Idaeus (Raspberry) Leaf Wax, Hypnea Musciformis (Algae) Extract, Gelidiella Acerosa Extract, Caffeine, Olea Europaea (Olive) Fruit Oil, Dimethicone, Squalane, Arginine, Peg-60 Hydrogenated Castor Oil, Caprylyl Glycol, Trehalose, Sodium Hyaluronate, Carbomer, Hexylene Glycol, Octyldodecanol, Disodium Edta, Potassium Sorbate, Phenoxyethanol * Essential Oil Please be aware that ingredient lists may change or vary from time to time.� Please refer to the ingredient list on the product package you receive for the most up to date list of ingredients.",1,1,1,1,1,flower_fusion_raspberry_refreshing_sheet_mask,origins,face_mask,origins_flower_fusion_raspberry_refreshing_sheet_mask,,,,,,,,,,"Butylene Glycol;Bis-Peg-18 Methyl Ether Dimethyl Silane;Methyl Gluceth-20;Citrus Aurantium Dulcis (Orange) Peel Oil*;Citrus Limon (Lemon) Peel Oil*;Cymbopogon Martini Oil*;Ocimum Basilicum (Basil) Oil*;Ribes Nigrum (Black Currant) Seed Oil*;Rosa Damascena Flower Oil*;Pelargonium Graveolens Flower Oil*;Ricinus Communis (Castor) Seed Oil;Viola Odorata Flower/Leaf Extract;Osmanthus Fragrans Flower Extract;Limonene;Rubus Idaeus (Raspberry) Leaf Wax;Hypnea Musciformis (Algae) Extract;Gelidiella Acerosa Extract;Caffeine;Olea Europaea (Olive) Fruit Oil;Dimethicone;Squalane;Arginine;Peg-60 Hydrogenated Castor Oil;Caprylyl Glycol;Trehalose;Sodium Hyaluronate;Carbomer;Hexylene Glycol;Octyldodecanol;Disodium Edta;Potassium Sorbate;Phenoxyethanol * Essential Oil Please be aware that ingredient lists may change or vary from time to time,� Please refer to the ingredient list on the product package you receive for the most up to date list of ingredients,",,,,,,,,,,face mask,nan
Face Mask,LANCER,Lift & Plump Sheet Mask with Vegan Stem Cell Complex,120,3.9,"Water, Sodium Hyaluronate, Rosa Centifolia Flower Water, Glycerin, 1,3-Butylene Glycol, Ginkgo Biloba Extract, Calendula Officinalis Flower Extract, Centella Extract, Algae Extract, Panthenol, Palmitoyl Pentapeptide-3, Olive (Olea Europaea) Leaf Extract, Niacinamide, Dipotassium Glycyrrhizinate, Malus Domestica Fruit Cell Culture Extract, Phenoxyethanol, Ethylhexylglycerin, Xanthan Gum, Lecithin.",1,1,1,1,1,lift_plump_sheet_mask_with_vegan_stem_cell_complex,lancer,face_mask,lancer_lift_plump_sheet_mask_with_vegan_stem_cell_complex,,,,,,,,,,"Sodium Hyaluronate;Rosa Centifolia Flower Water;Glycerin;1,3-Butylene Glycol;Ginkgo Biloba Extract;Calendula Officinalis Flower Extract;Centella Extract;Algae Extract;Panthenol;Palmitoyl Pentapeptide-3;Olive (Olea Europaea) Leaf Extract;Niacinamide;Dipotassium Glycyrrhizinate;Malus Domestica Fruit Cell Culture Extract;Phenoxyethanol;Ethylhexylglycerin;Xanthan Gum;Lecithin,",,,,,,,,,,face mask,nan
Face Mask,CLINIQUE,Pep-Start Double Bubble Purifying Mask,24,4.0,"Water , Disiloxane , Cocamidopropyl Betaine , Sodium Cocoyl Isethionate , Decyl Glucoside , Glycerin , Pentylene Glycol , Acrylates Copolymer , Sodium Chloride , Morus Nigra (Mulberry) Root Extract , Scutellaria Baicalensis Root Extract , Vitis Vinifera (Grape) Fruit Extract , Palmitoyl Tetrapeptide-7 , Palmitoyl Tripeptide-1 , Acetyl Glucosamine , Peg-6 Caprylic/Capric Glycerides , Ethylhexylglycerin , Butylene Glycol , Polysorbate 20 , Peg-150 Pentaerythrityl Tetrastearate , Potassium Hydroxide , Coconut Acid , Acrylates/C10-30 Alkyl Acrylate Crosspolymer , Carbomer , Xanthan Gum , Disodium Edta , Phenoxyethanol , Red 33 (Ci 17200)",1,1,1,1,0,pep_start_double_bubble_purifying_mask,clinique,face_mask,clinique_pep_start_double_bubble_purifying_mask,,,,,,,,,,Disiloxane;Cocamidopropyl Betaine;Sodium Cocoyl Isethionate;Decyl Glucoside;Glycerin;Pentylene Glycol;Acrylates Copolymer;Sodium Chloride;Morus Nigra (Mulberry) Root Extract;Scutellaria Baicalensis Root Extract;Vitis Vinifera (Grape) Fruit Extract;Palmitoyl Tetrapeptide-7;Palmitoyl Tripeptide-1;Acetyl Glucosamine;Peg-6 Caprylic/Capric Glycerides;Ethylhexylglycerin;Butylene Glycol;Polysorbate 20;Peg-150 Pentaerythrityl Tetrastearate;Potassium Hydroxide;Coconut Acid;Acrylates/C10-30 Alkyl Acrylate Crosspolymer;Carbomer;Xanthan Gum;Disodium Edta;Phenoxyethanol;Red 33 (Ci 17200),,,,,,,,,,face mask,nan
Face Mask,DERMADOCTOR,Kakadu C™ Amethyst Clay Detox Mask,58,4.6,"Water, Kaolin, Glycerin, Butylene Glycol, Bentonite, Magnesium Aluminum Silicate, Mica, Titanium Dioxide, Tetrahexyldecyl Ascorbate, Lactic Acid, Epigallocatechin Gallatyl Glucoside, Malic Acid, Terminalia Ferdinandiana (Kakadu Plum) Fruit Extract, Vanilla Planifolia Fruit Extract, Prunus Armeniaca (Apricot) Fruit Extract, Mangifera Indica (Mango) Fruit Extract, Tasmannia Lanceolata Fruit Extract, Syzygium Leuhmanii Fruit Extract, Kunzea Pomifera Fruit Extract, Citrus Grandis (Grapefruit) Peel Extract, Citrus Aurantium Dulcis (Orange) Peel Extract, Citrus Aurantifolia (Lime) Peel Extract, Aniba Rosaeodora (Rosewood) Wood Extract, Rosa Canina Seed Powder, Cocos Nucifera (Coconut) Oil, Allantoin, Squalane, Polysorbate 60, Montmorillonite, Propyl Gallate, Alcohol Denat., Microcrystalline Cellulose, Cellulose Gum, Chondrus Crispus (Carrageenan), Hydroxyethyl Acrylate/Sodium Acryloyldimethyl, Taurate Copolymer, Gallyl Glucoside, Sodium Phytate, Dehydroacetic Acid, Benzyl Alcohol, Ferric Ferrocyanide, Iron Oxide.",0,0,0,0,0,kakadu_c_amethyst_clay_detox_mask,dermadoctor,face_mask,dermadoctor_kakadu_c_amethyst_clay_detox_mask,,,,,,,,,,"Kaolin;Glycerin;Butylene Glycol;Bentonite;Magnesium Aluminum Silicate;Mica;Titanium Dioxide;Tetrahexyldecyl Ascorbate;Lactic Acid;Epigallocatechin Gallatyl Glucoside;Malic Acid;Terminalia Ferdinandiana (Kakadu Plum) Fruit Extract;Vanilla Planifolia Fruit Extract;Prunus Armeniaca (Apricot) Fruit Extract;Mangifera Indica (Mango) Fruit Extract;Tasmannia Lanceolata Fruit Extract;Syzygium Leuhmanii Fruit Extract;Kunzea Pomifera Fruit Extract;Citrus Grandis (Grapefruit) Peel Extract;Citrus Aurantium Dulcis (Orange) Peel Extract;Citrus Aurantifolia (Lime) Peel Extract;Aniba Rosaeodora (Rosewood) Wood Extract;Rosa Canina Seed Powder;Cocos Nucifera (Coconut) Oil;Allantoin;Squalane;Polysorbate 60;Montmorillonite;Propyl Gallate;Alcohol Denat,;Microcrystalline Cellulose;Cellulose Gum;Chondrus Crispus (Carrageenan);Hydroxyethyl Acrylate/Sodium Acryloyldimethyl;Taurate Copolymer;Gallyl Glucoside;Sodium Phytate;Dehydroacetic Acid;Benzyl Alcohol;Ferric Ferrocyanide;Iron Oxide,",,,,,,,,,,face mask,nan
Face Mask,BOBBI BROWN,Radiance Boost Walnut Grain & Orange Oil Exfoliating Face Mask,51,4.4,"Water, Alumina, Caprylic/Capric Triglyceride, Glyceryl Stearate, Butylene Glycol, Peg-100 Stearate, Beeswax/Cera Alba/Cire D'Abeille, Butyrospermum Parkii (Shea Butter), Cetyl Alcohol, Glycerin, Camellia Sinensis Leaf Extract, Citrus Aurantium Dulcis (Orange) Peel Oil, Sodium Hyaluronate, Juglans Regia (Walnut) Shell Powder, Caffeine, Algae Extract, Panthenol, Steareth-20, Caprylyl Glycol, Biosaccharide Gum - 1, Stearyl Alcohol, Tocopheryl Acetate, Carbomer, Sodium Hydroxide, Hexylene Glycol, Disodium Edta, Phenoxyethanol",0,0,0,0,0,radiance_boost_walnut_grain_orange_oil_exfoliating_face_mask,bobbi_brown,face_mask,bobbi_brown_radiance_boost_walnut_grain_orange_oil_exfoliating_face_mask,,,,,,,,,,Alumina;Caprylic/Capric Triglyceride;Glyceryl Stearate;Butylene Glycol;Peg-100 Stearate;Beeswax/Cera Alba/Cire D'Abeille;Butyrospermum Parkii (Shea Butter);Cetyl Alcohol;Glycerin;Camellia Sinensis Leaf Extract;Citrus Aurantium Dulcis (Orange) Peel Oil;Sodium Hyaluronate;Juglans Regia (Walnut) Shell Powder;Caffeine;Algae Extract;Panthenol;Steareth-20;Caprylyl Glycol;Biosaccharide Gum - 1;Stearyl Alcohol;Tocopheryl Acetate;Carbomer;Sodium Hydroxide;Hexylene Glycol;Disodium Edta;Phenoxyethanol,,,,,,,,,,face mask,nan
Face Mask,SEPHORA COLLECTION,SUPERMASK - The Primer Mask,6,4.2,"Water, Glycerin, Ethylhexyl Stearate, Methylpropanediol, Caprylic/Capric Triglyceride, Niacinamide, Xylitylglucoside, PEG-450, CI 77891 (Titanium Dioxide), Anhydroxylitol, Cetearyl Alcohol, Glyceryl Stearate, Hydroxyacetophenone, Xylitol, Caprylic/Capric Glycerides, Panthenol, Carbomer, Glucose, Allantoin, Tromethamine, Xanthan Gum, Polymethylsilsesquioxane, Butylene Glycol, Fragrance, Tocopheryl Acetate, Silica, Ethylhexylglycerin, Chondrus Crispus (Carrageenan) Extract, 1,2-Hexanediol, Dipotassium Glycyrrhizate, Lonicera Japonica Flower Extract (Lonicera Japonica (Honeysuckle) Flower), Disodium EDTA, Phenoxyethanol, Lonicera Caprifolium (Honeysuckle) Flower Extract, Gossypium Herbaceum (Cotton) Extract, Mica, Althaea Rosea Flower Extract, CI 17200 (Red 33), Potassium Sorbate, Sodium Benzoate, Citric Acid.",1,1,1,1,1,supermask_the_primer_mask,sephora_collection,face_mask,sephora_collection_supermask_the_primer_mask,,,,,,,,,,"Glycerin;Ethylhexyl Stearate;Methylpropanediol;Caprylic/Capric Triglyceride;Niacinamide;Xylitylglucoside;PEG-450;CI 77891 (Titanium Dioxide);Anhydroxylitol;Cetearyl Alcohol;Glyceryl Stearate;Hydroxyacetophenone;Xylitol;Caprylic/Capric Glycerides;Panthenol;Carbomer;Glucose;Allantoin;Tromethamine;Xanthan Gum;Polymethylsilsesquioxane;Butylene Glycol;Fragrance;Tocopheryl Acetate;Silica;Ethylhexylglycerin;Chondrus Crispus (Carrageenan) Extract;1,2-Hexanediol;Dipotassium Glycyrrhizate;Lonicera Japonica Flower Extract (Lonicera Japonica (Honeysuckle) Flower);Disodium EDTA;Phenoxyethanol;Lonicera Caprifolium (Honeysuckle) Flower Extract;Gossypium Herbaceum (Cotton) Extract;Mica;Althaea Rosea Flower Extract;CI 17200 (Red 33);Potassium Sorbate;Sodium Benzoate;Citric Acid,",,,,,,,,,,face mask,nan
Face Mask,EVE LOM,WHITE Brightening Mask,160,2.7,"Water, Glycerin, Propanediol, Pentylene Glycol, Niacinamide, Butyrospermum Parkii (Shea) Butter, Squalane, Ppg-10 Methyl Glucose Ether, Panthenol, Ascorbyl Glucoside, Allantoin, Phytosteryl/Octyldodecyl Lauroyl Glutamate, Tocopheryl Acetate, Polyglyceryl-10 Laurate, Glyceryl Stearate Se, Cetyl Alcohol, Carbomer, Olea Europaea (Olive) Fruit Oil, Disodium Edta, Citric Acid, Sodium Citrate, Potassium Hydroxide, Methyl Undecenoyl Leucinate, Glycyrrhiza Glabra (Licorice) Root Extract, Sodium Hyaluronate, Sodium Pca, Phenoxyethanol.",1,1,1,1,1,white_brightening_mask,eve_lom,face_mask,eve_lom_white_brightening_mask,,,,,,,,,,"Glycerin;Propanediol;Pentylene Glycol;Niacinamide;Butyrospermum Parkii (Shea) Butter;Squalane;Ppg-10 Methyl Glucose Ether;Panthenol;Ascorbyl Glucoside;Allantoin;Phytosteryl/Octyldodecyl Lauroyl Glutamate;Tocopheryl Acetate;Polyglyceryl-10 Laurate;Glyceryl Stearate Se;Cetyl Alcohol;Carbomer;Olea Europaea (Olive) Fruit Oil;Disodium Edta;Citric Acid;Sodium Citrate;Potassium Hydroxide;Methyl Undecenoyl Leucinate;Glycyrrhiza Glabra (Licorice) Root Extract;Sodium Hyaluronate;Sodium Pca;Phenoxyethanol,",0.0,12.0,1892.0,4.5833,1.7,Moisturizers,64.71,38.19,0.63,face mask,nan
Face Mask,ORIGINS,Flower Fusion™ Violet Nourishing Sheet Mask,7,3.6,"Water, Butylene Glycol, Bis-Peg-18 Methyl Ether Dimethyl Silane, Methyl Gluceth-20, Cymbopogon Schoenanthus Oil*, Citrus Limon (Lemon) Peel Oil*, Coriandrum Sativum (Coriander) Fruit Oil*, Citrus Aurantifolia (Lime) Oil*, Michelia Alba Flower Oil*, Rosa Damascena Flower Oil*, Vanilla Planifolia Fruit, Ricinus Communis (Castor) Seed Oil, Viola Odorata Flower/Leaf Extract, Vanillin, Triethyl Citrate, Citral, Limonene, Linalool, Hypnea Musciformis (Algae) Extract, Gelidiella Acerosa Extract, Caffeine, Olea Europaea (Olive) Fruit Oil, Dimethicone, Squalane, Arginine, Peg-60 Hydrogenated Castor Oil, Caprylyl Glycol, Trehalose, Sodium Hyaluronate, Carbomer, Hexylene Glycol, Octyldodecanol, Disodium Edta, Potassium Sorbate, Phenoxyethanol * Essential Oil Please be aware that ingredient lists may change or vary from time to time.� Please refer to the ingredient list on the product package you receive for the most up to date list of ingredients.",1,1,1,1,1,flower_fusion_violet_nourishing_sheet_mask,origins,face_mask,origins_flower_fusion_violet_nourishing_sheet_mask,,,,,,,,,,"Butylene Glycol;Bis-Peg-18 Methyl Ether Dimethyl Silane;Methyl Gluceth-20;Cymbopogon Schoenanthus Oil*;Citrus Limon (Lemon) Peel Oil*;Coriandrum Sativum (Coriander) Fruit Oil*;Citrus Aurantifolia (Lime) Oil*;Michelia Alba Flower Oil*;Rosa Damascena Flower Oil*;Vanilla Planifolia Fruit;Ricinus Communis (Castor) Seed Oil;Viola Odorata Flower/Leaf Extract;Vanillin;Triethyl Citrate;Citral;Limonene;Linalool;Hypnea Musciformis (Algae) Extract;Gelidiella Acerosa Extract;Caffeine;Olea Europaea (Olive) Fruit Oil;Dimethicone;Squalane;Arginine;Peg-60 Hydrogenated Castor Oil;Caprylyl Glycol;Trehalose;Sodium Hyaluronate;Carbomer;Hexylene Glycol;Octyldodecanol;Disodium Edta;Potassium Sorbate;Phenoxyethanol * Essential Oil Please be aware that ingredient lists may change or vary from time to time,� Please refer to the ingredient list on the product package you receive for the most up to date list of ingredients,",,,,,,,,,,face mask,nan
Face Mask,TOO COOL FOR SCHOOL,Egg Mousse Pack,20,3.5,"Water, Betaine, Butylene Glycol, Lauryl Phosphate, Isopentane, Trehalose, Carbon Dioxide, Arginine, Potassium Laureth Phosphate, Laureth-1 Phosphate, Polyglyceryl-10 Laurate, Egg Yolk Extract/Extrait De Jaune D'oeuf, Albumen Extract, Dipropylene Glycol, Potassium Hydroxide, Glyceryl Caprylate, Caprylyl Glycol, Ppg-3 Caprylyl Ether, Acrylates /C10-30 Alkyl Acrylate Crosspolymer, Sodium Citrate, Citric Acid, Xanthan Gum, Carbomer, Disodium Edta, Phenoxyethanol, Methylparaben, Fragrance.",0,0,0,0,0,egg_mousse_pack,too_cool_for_school,face_mask,too_cool_for_school_egg_mousse_pack,,,,,,,,,,"Betaine;Butylene Glycol;Lauryl Phosphate;Isopentane;Trehalose;Carbon Dioxide;Arginine;Potassium Laureth Phosphate;Laureth-1 Phosphate;Polyglyceryl-10 Laurate;Egg Yolk Extract/Extrait De Jaune D'oeuf;Albumen Extract;Dipropylene Glycol;Potassium Hydroxide;Glyceryl Caprylate;Caprylyl Glycol;Ppg-3 Caprylyl Ether;Acrylates /C10-30 Alkyl Acrylate Crosspolymer;Sodium Citrate;Citric Acid;Xanthan Gum;Carbomer;Disodium Edta;Phenoxyethanol;Methylparaben;Fragrance,",,,,,,,,,,face mask,nan
Face Mask,ST. TROPEZ TANNING ESSENTIALS,Self Tan Express Bronzing Face Sheet Mask,9,3.8,"Water, Dihydroxyacetone, Pentylene Glycol, Glycereth-26, Glycerin, Bis-PEG-15 Methyl Ether Dimethicone, Propanediol, Saccharide Isomerate, PEG-40 Hydrogenated Castor Oil, Phenoxyethanol, Sodium Metabisulfite, Xanthan Gum, 1,2-Hexanediol, Allantoin, Caprylhydroxamic Acid, Fragrance, Citrate, Butylphenyl Methylpropional, Citronellol, Limonene, Geraniol. Mask: 100% Lyocell.",1,1,1,1,1,self_tan_express_bronzing_face_sheet_mask,st._tropez_tanning_essentials,face_mask,st._tropez_tanning_essentials_self_tan_express_bronzing_face_sheet_mask,,,,,,,,,,"Dihydroxyacetone;Pentylene Glycol;Glycereth-26;Glycerin;Bis-PEG-15 Methyl Ether Dimethicone;Propanediol;Saccharide Isomerate;PEG-40 Hydrogenated Castor Oil;Phenoxyethanol;Sodium Metabisulfite;Xanthan Gum;1,2-Hexanediol;Allantoin;Caprylhydroxamic Acid;Fragrance;Citrate;Butylphenyl Methylpropional;Citronellol;Limonene;Geraniol, Mask: 100% Lyocell,",,,,,,,,,,face mask,nan
Face Mask,NATURALLY SERIOUS,Mask-Imum Revival Hydra-Plumping Mask,42,4.5,"Water, Kaolin (absorbent - clay), C9-12 Alkane (coconut), Glycerin (natural humectant - plant-based palm oil), Butyrospermum Parkii (Shea) Butter, Caprylic/Capric Triglyceride (emollient - coconut oil), Magnesium Aluminum Silicate (thickener - natural mineral), Stearic Acid (emollient - fatty acid from palm), Palmitic Acid (emollient - fatty acid from palm), Cetearyl Alcohol (emollient - non-drying fatty alcohol from palm), Glyceryl Stearate SE (emulsifier - derived from palm), Aspalathus Linearis Leaf (Rooibos/Red Tea) Extract, Camellia Sinensis Leaf (Green Tea) Extract, Lycium Barbarum Fruit (Goji Berry) Extract, Punica Granatum (Pomegranate) Extract, Vitis Vinifera (Grape Seed) Extract, Leuconostoc/Radish Root Ferment Filtrate (antimicrobial - fermented radishes), Pinus Cembra (Swiss Pine) Wood Extract, Colloidal Oatmeal (soothing - oatmeal), Allantoin (soothing - comfrey herb), Ceramide NP (natural lipid - fatty acid rapeseed) , Sodium Hyaluronate (humectant - natural fermentation), Tocopherol (antioxidant - vitamin E), Sodium PCA (natural humectant - sugarcane), Coleus Barbatus Root (Forskolin) Extract, Leontopodium Alpinum (Edelweiss) Extract, Peucedanum Ostruthium Leaf (Imperatoria) Extract, Sodium Phytate (chelating - rice), Maltodextrin (binder - starch), Glyceryl Caprylate (natural emollient - coconut), Coco-Caprylate/Caprate (emollient - coconut oil), Cetearyl Olivate (emulsifier - fatty acids from olive oil), Cetearyl Glucoside (emulsifier/surfactant - coconut), Sorbitan Olivate (emulsifier - fatty acids from olive oil), Caprylhydroxamic Acid (chelating - amino acid coconut oil), Linoleic Acid (emollient - omega-6 fatty acid), Lecithin (emollient - plant derived fat), Phytosteryl Canola Glycerides (soothing - pure vegetable lipids), Oleic Acid (emollient - omega-9 fatty acid), Triolein (viscosity - glycerin and oleic acid), Limonene (natural fragrance - plant oil), Fragrance.",1,1,1,1,1,mask_imum_revival_hydra_plumping_mask,naturally_serious,face_mask,naturally_serious_mask_imum_revival_hydra_plumping_mask,,,,,,,,,,"Kaolin (absorbent - clay);C9-12 Alkane (coconut);Glycerin (natural humectant - plant-based palm oil);Butyrospermum Parkii (Shea) Butter;Caprylic/Capric Triglyceride (emollient - coconut oil);Magnesium Aluminum Silicate (thickener - natural mineral);Stearic Acid (emollient - fatty acid from palm);Palmitic Acid (emollient - fatty acid from palm);Cetearyl Alcohol (emollient - non-drying fatty alcohol from palm);Glyceryl Stearate SE (emulsifier - derived from palm);Aspalathus Linearis Leaf (Rooibos/Red Tea) Extract;Camellia Sinensis Leaf (Green Tea) Extract;Lycium Barbarum Fruit (Goji Berry) Extract;Punica Granatum (Pomegranate) Extract;Vitis Vinifera (Grape Seed) Extract;Leuconostoc/Radish Root Ferment Filtrate (antimicrobial - fermented radishes);Pinus Cembra (Swiss Pine) Wood Extract;Colloidal Oatmeal (soothing - oatmeal);Allantoin (soothing - comfrey herb);Ceramide NP (natural lipid - fatty acid rapeseed);Sodium Hyaluronate (humectant - natural fermentation);Tocopherol (antioxidant - vitamin E);Sodium PCA (natural humectant - sugarcane);Coleus Barbatus Root (Forskolin) Extract;Leontopodium Alpinum (Edelweiss) Extract;Peucedanum Ostruthium Leaf (Imperatoria) Extract;Sodium Phytate (chelating - rice);Maltodextrin (binder - starch);Glyceryl Caprylate (natural emollient - coconut);Coco-Caprylate/Caprate (emollient - coconut oil);Cetearyl Olivate (emulsifier - fatty acids from olive oil);Cetearyl Glucoside (emulsifier/surfactant - coconut);Sorbitan Olivate (emulsifier - fatty acids from olive oil);Caprylhydroxamic Acid (chelating - amino acid coconut oil);Linoleic Acid (emollient - omega-6 fatty acid);Lecithin (emollient - plant derived fat);Phytosteryl Canola Glycerides (soothing - pure vegetable lipids);Oleic Acid (emollient - omega-9 fatty acid);Triolein (viscosity - glycerin and oleic acid);Limonene (natural fragrance - plant oil);Fragrance,",,,,,,,,,,face mask,nan
Face Mask,EVE LOM,Radiance Transforming Mask,90,0.0,"Glycerin, Cannabis Sativa Seed Oil, Vitis Vinifera (Grape) Seed Oil, Camelina Sativa Seed Oil, Crambe Abyssinica Seed Oil, Sucrose Palmitate, Glycolic Acid, Water, Hydrogenated Vegetable Oil, Polyglyceryl-2 Dipolyhydroxystearate, Dipalmitoyl Hydroxyproline, Rosa Canina Fruit Oil, Sea Water, Phenoxyethanol, Ectoin, Helianthus Annuus (Sunflower) Seed Oil, Hydrolyzed Jojoba Esters, Tocopherol, Rosa Damascena Flower Oil, Jojoba Esters, Magnesium Aspartate, Zinc Gluconate, Rosmarinus Officinalis (Rosemary) Leaf Extract, Bioflavonoids, Chlorogenic Acids, Citric Acid, Glucose, Copper Gluconate, Hydrolyzed Rhodophyceae Extract, Ethylhexylglycerin.",1,1,1,1,0,radiance_transforming_mask,eve_lom,face_mask,eve_lom_radiance_transforming_mask,,,,,,,,,,"Glycerin;Cannabis Sativa Seed Oil;Vitis Vinifera (Grape) Seed Oil;Camelina Sativa Seed Oil;Crambe Abyssinica Seed Oil;Sucrose Palmitate;Glycolic Acid;Hydrogenated Vegetable Oil;Polyglyceryl-2 Dipolyhydroxystearate;Dipalmitoyl Hydroxyproline;Rosa Canina Fruit Oil;Sea Water;Phenoxyethanol;Ectoin;Helianthus Annuus (Sunflower) Seed Oil;Hydrolyzed Jojoba Esters;Tocopherol;Rosa Damascena Flower Oil;Jojoba Esters;Magnesium Aspartate;Zinc Gluconate;Rosmarinus Officinalis (Rosemary) Leaf Extract;Bioflavonoids;Chlorogenic Acids;Citric Acid;Glucose;Copper Gluconate;Hydrolyzed Rhodophyceae Extract;Ethylhexylglycerin,",,,,,,,,,,face mask,nan
Face Mask,ERNO LASZLO,Firmarine Lift Face Mask,88,4.2,"-Spirulina Maxima: Supports natural collagen renewal for a firmer appearance. -Pullulan: Soothes and balances skin’s moisture levels. -Provitamin B5 (Panthenol): Defends against water loss to keep skin soft and smooth. -Comfrey Root. Liquid: Water, Glycerin, Algin, Phenoxyethanol, Ppg-26-Buteth-26, Peg-40 Hydrogenated Castor Oil, Caprylyl Glycol, Chlorphenesin, Propylene Glycol, Panthenol, Mentha Piperita (Peppermint) Oil, Triethanolamine, Spirulina Maxima Extract. Powder: Diatomaceous Earth, Glucose, Algin, Calcium Sulfate Hydrate, Distarch Phosphate, Avena Sativa (Oat) Kernel Flour, Tetrasodium Pyrophosphate, Ci 77007 (Ultramarines), Allantoin, Magnesium Oxide, Pullulan, Silica, Methyl Diisopropyl Propionamide, Aluminum Hydroxide, Mentha Piperita (Peppermint) Oil, Ci 42090 (Blue 1), Ci 19140 (Yellow 5).",1,1,1,1,1,firmarine_lift_face_mask,erno_laszlo,face_mask,erno_laszlo_firmarine_lift_face_mask,,,,,,,,,,"-Spirulina Maxima: Supports natural collagen renewal for a firmer appearance, -Pullulan: Soothes and balances skin’s moisture levels, -Provitamin B5 (Panthenol): Defends against water loss to keep skin soft and smooth, -Comfrey Root, Liquid: Water;Glycerin;Algin;Phenoxyethanol;Ppg-26-Buteth-26;Peg-40 Hydrogenated Castor Oil;Caprylyl Glycol;Chlorphenesin;Propylene Glycol;Panthenol;Mentha Piperita (Peppermint) Oil;Triethanolamine;Spirulina Maxima Extract, Powder: Diatomaceous Earth;Glucose;Algin;Calcium Sulfate Hydrate;Distarch Phosphate;Avena Sativa (Oat) Kernel Flour;Tetrasodium Pyrophosphate;Ci 77007 (Ultramarines);Allantoin;Magnesium Oxide;Pullulan;Silica;Methyl Diisopropyl Propionamide;Aluminum Hydroxide;Mentha Piperita (Peppermint) Oil;Ci 42090 (Blue 1);Ci 19140 (Yellow 5),",,,,,,,,,,face mask,nan
Face Mask,DR ROEBUCK’S,Tama Healing Mask,28,3.7,"Water, Kaolin, Quartz, Glycerin, Persea Gratissima (Avocado) Oil, Caprylic/Capric Triglyceride, Cetearyl Glucoside, Cetearyl Alcohol, Ceteareth-20, Cetearyl Olivate, Sorbitan Olivate, Dehydroacetic Acid, Benzyl Alcohol, Honey, Tocopheryl Acetate, Camelina Sativa Seed Oil, Caprylyl Glycol, Xanthan Gum, Butyrospermum Parkii (Shea) Butter, Santalum Acuminatum Fruit Extract, Citrus Glauca Fruit Extract, Acacia Victoriae Fruit Extract, Glycerin, Alcohol, Curcuma Longa Rhizome Extract, Cymbopogon flexuosus (Lemon Grass) Oil.",1,1,1,1,1,tama_healing_mask,dr_roebuck’s,face_mask,dr_roebuck’s_tama_healing_mask,,,,,,,,,,"Kaolin;Quartz;Glycerin;Persea Gratissima (Avocado) Oil;Caprylic/Capric Triglyceride;Cetearyl Glucoside;Cetearyl Alcohol;Ceteareth-20;Cetearyl Olivate;Sorbitan Olivate;Dehydroacetic Acid;Benzyl Alcohol;Honey;Tocopheryl Acetate;Camelina Sativa Seed Oil;Caprylyl Glycol;Xanthan Gum;Butyrospermum Parkii (Shea) Butter;Santalum Acuminatum Fruit Extract;Citrus Glauca Fruit Extract;Acacia Victoriae Fruit Extract;Glycerin;Alcohol;Curcuma Longa Rhizome Extract;Cymbopogon flexuosus (Lemon Grass) Oil,",,,,,,,,,,face mask,nan
Face Mask,PERRICONE MD,PRE:EMPT SERIES™ Refreshing Shower Mask,50,4.4,"Water, Methyl Gluceth-20, Dimethyl MEA, Dipotassium Glycyrrhizate, Allantoin, Acetyl Tyrosine, Olea Europaea (Olive) Leaf Extract, Squalane, Lecithin, Rhodiola Rosea Root Extract, Tetrahydrodiferuloylmethane, Tetrahydrodemethoxydiferuloylmethane, Lepidium Sativum Sprout Extract, Tetrahydrobisdemethoxydiferuloylmethane, Epigallocatechin Gallatyl Glucoside, Carbomer, Polysorbate 20, Caprylyl Glycol, Pentylene Glycol, Hydrolyzed Jojoba Esters, Ammonium Acryloyldimethyltaurate/VP Copolymer, Hydroxyethyl Acrylate/Sodium Acryloyldimethyl Taurate Copolymer, Glycerin, Polysorbate 60, Phenoxyethanol, Menthyl Lactate, Fragrance, Chlorophyllin-Copper Complex (CI 75810), Linalool.",1,1,1,0,1,pre:empt_series_refreshing_shower_mask,perricone_md,face_mask,perricone_md_pre:empt_series_refreshing_shower_mask,,,,,,,,,,"Methyl Gluceth-20;Dimethyl MEA;Dipotassium Glycyrrhizate;Allantoin;Acetyl Tyrosine;Olea Europaea (Olive) Leaf Extract;Squalane;Lecithin;Rhodiola Rosea Root Extract;Tetrahydrodiferuloylmethane;Tetrahydrodemethoxydiferuloylmethane;Lepidium Sativum Sprout Extract;Tetrahydrobisdemethoxydiferuloylmethane;Epigallocatechin Gallatyl Glucoside;Carbomer;Polysorbate 20;Caprylyl Glycol;Pentylene Glycol;Hydrolyzed Jojoba Esters;Ammonium Acryloyldimethyltaurate/VP Copolymer;Hydroxyethyl Acrylate/Sodium Acryloyldimethyl Taurate Copolymer;Glycerin;Polysorbate 60;Phenoxyethanol;Menthyl Lactate;Fragrance;Chlorophyllin-Copper Complex (CI 75810);Linalool,",,,,,,,,,,face mask,nan
Face Mask,ORIGINS,By All Greens™ Foaming Deep Cleansing Mask,30,3.9,"Water, Disodium Cocoamphodiacetate, Kaolin, Acrylates Copolymer, Citric Acid, Algae Extract, Isopentane, Citrus Aurantium Bergamia (Bergamot) Fruit Oil*, Citrus Limon (Lemon) Peel Oil*, Citrus Aurantium Dulcis (Orange) Oil*, Cinnamomum Camphora (Camphor) Bark Oil*, Mentha Viridis (Spearmint) Leaf Oil*, Magnolia Acuminata Flower Extract, Iris Pallida Root Extract, Rosa Damascena Extract, Citral, Linalool, Limonene, Brassica Oleracea Italica (Broccoli) Extract, Spinacia Oleracea (Spinach) Leaf Extract, Vaccinium Angustifolium (Blueberry) Fruit Extract, Spirulina Platensis (Algae) Powder, Camellia Sinensis (White Tea) Leaf Extract, Camellia Sinensis (Green Tea) Leaf Extract, Daucus Carota Sativa (Carrot) Root Extract, Glycerin, Sodium Hyaluronate, Ethylhexylglycerin, Caprylyl Glycol, Tocopheryl Acetate, Isobutane, Disodium Edta, Bht, Phenoxyethanol, Chromium Oxide Greens (Ci 77288) * Essential Oil Please be aware that ingredient lists may change or vary from time to time.� Please refer to the ingredient list on the product package you receive for the most up to date list of ingredients.",1,0,1,1,0,by_all_greens_foaming_deep_cleansing_mask,origins,face_mask,origins_by_all_greens_foaming_deep_cleansing_mask,,,,,,,,,,"Disodium Cocoamphodiacetate;Kaolin;Acrylates Copolymer;Citric Acid;Algae Extract;Isopentane;Citrus Aurantium Bergamia (Bergamot) Fruit Oil*;Citrus Limon (Lemon) Peel Oil*;Citrus Aurantium Dulcis (Orange) Oil*;Cinnamomum Camphora (Camphor) Bark Oil*;Mentha Viridis (Spearmint) Leaf Oil*;Magnolia Acuminata Flower Extract;Iris Pallida Root Extract;Rosa Damascena Extract;Citral;Linalool;Limonene;Brassica Oleracea Italica (Broccoli) Extract;Spinacia Oleracea (Spinach) Leaf Extract;Vaccinium Angustifolium (Blueberry) Fruit Extract;Spirulina Platensis (Algae) Powder;Camellia Sinensis (White Tea) Leaf Extract;Camellia Sinensis (Green Tea) Leaf Extract;Daucus Carota Sativa (Carrot) Root Extract;Glycerin;Sodium Hyaluronate;Ethylhexylglycerin;Caprylyl Glycol;Tocopheryl Acetate;Isobutane;Disodium Edta;Bht;Phenoxyethanol;Chromium Oxide Greens (Ci 77288) * Essential Oil Please be aware that ingredient lists may change or vary from time to time,� Please refer to the ingredient list on the product package you receive for the most up to date list of ingredients,",,,,,,,,,,face mask,nan
Face Mask,ORIGINS,Flower Fusion™ Orange Radiance-Boosting Sheet Mask,7,3.8,"Water, Butylene Glycol, Bis-Peg-18 Methyl Ether Dimethyl Silane, Methyl Gluceth-20, Citrus Aurantium Dulcis (Orange) Peel Oil*, Citrus Limon (Lemon) Peel Oil*, Citrus Aurantium Bergamia (Bergamot) Fruit Oil*, Pogostemon Cablin Oil*, Citrus Aurantium Amara (Bitter Orange) Flower Extract, Triethyl Citrate, Limonene, Linalool, Citrus Aurantium Amara (Bitter Orange) Flower Wax, Hypnea Musciformis (Algae) Extract, Gelidiella Acerosa Extract, Caffeine, Olea Europaea (Olive) Fruit Oil, Dimethicone, Squalane, Arginine, Peg-60 Hydrogenated Castor Oil, Caprylyl Glycol, Trehalose, Sodium Hyaluronate, Carbomer, Hexylene Glycol, Octyldodecanol, Disodium Edta, Potassium Sorbate, Phenoxyethanol * Essential Oil Please be aware that ingredient lists may change or vary from time to time.� Please refer to the ingredient list on the product package you receive for the most up to date list of ingredients.",1,1,1,1,1,flower_fusion_orange_radiance_boosting_sheet_mask,origins,face_mask,origins_flower_fusion_orange_radiance_boosting_sheet_mask,,,,,,,,,,"Butylene Glycol;Bis-Peg-18 Methyl Ether Dimethyl Silane;Methyl Gluceth-20;Citrus Aurantium Dulcis (Orange) Peel Oil*;Citrus Limon (Lemon) Peel Oil*;Citrus Aurantium Bergamia (Bergamot) Fruit Oil*;Pogostemon Cablin Oil*;Citrus Aurantium Amara (Bitter Orange) Flower Extract;Triethyl Citrate;Limonene;Linalool;Citrus Aurantium Amara (Bitter Orange) Flower Wax;Hypnea Musciformis (Algae) Extract;Gelidiella Acerosa Extract;Caffeine;Olea Europaea (Olive) Fruit Oil;Dimethicone;Squalane;Arginine;Peg-60 Hydrogenated Castor Oil;Caprylyl Glycol;Trehalose;Sodium Hyaluronate;Carbomer;Hexylene Glycol;Octyldodecanol;Disodium Edta;Potassium Sorbate;Phenoxyethanol * Essential Oil Please be aware that ingredient lists may change or vary from time to time,� Please refer to the ingredient list on the product package you receive for the most up to date list of ingredients,",,,,,,,,,,face mask,nan
Face Mask,SKIN LAUNDRY,Wrinkle Release Neck & Chest Sheet Mask,60,2.7,"Water, Glycerin, Niacinamide, Butylene Glycol , Solanum Lycopersicum (Tomato) Fruit Extract, Oryza Sativa (Rice) Bran Extract , Daucus Carota Sativa (Carrot) Root Extract, Brassica Rapa (Turnip) Leaf Extract, Brassica Oleracea Italica (Broccoli) Extract, Brassica Oleracea Capitata (Cabbage) Leaf Extract, Apium Graveolens (Celery) Extract, Tromethamine, Carbomer Sodium Polyacrylate, Snail Secretion Filtrate, Raffinose, Hydrolyzed Starfish Extract, Betaine , Zanthoxylum Piperitum Fruit Extract, Usnea Barbata (Lichen) Extract, Pulsatilla Koreana Extract, Adenosine, Disodium EDTA, Sodium Hyaluronate.",1,1,1,1,1,wrinkle_release_neck_chest_sheet_mask,skin_laundry,face_mask,skin_laundry_wrinkle_release_neck_chest_sheet_mask,,,,,,,,,,"Glycerin;Niacinamide;Butylene Glycol;Solanum Lycopersicum (Tomato) Fruit Extract;Oryza Sativa (Rice) Bran Extract;Daucus Carota Sativa (Carrot) Root Extract;Brassica Rapa (Turnip) Leaf Extract;Brassica Oleracea Italica (Broccoli) Extract;Brassica Oleracea Capitata (Cabbage) Leaf Extract;Apium Graveolens (Celery) Extract;Tromethamine;Carbomer Sodium Polyacrylate;Snail Secretion Filtrate;Raffinose;Hydrolyzed Starfish Extract;Betaine;Zanthoxylum Piperitum Fruit Extract;Usnea Barbata (Lichen) Extract;Pulsatilla Koreana Extract;Adenosine;Disodium EDTA;Sodium Hyaluronate,",,,,,,,,,,face mask,nan
Face Mask,CLINIQUE,Sculptwear Contouring Massage Cream Mask,46,4.5,"Water , Caprylic/Capric Triglyceride , Butylene Glycol , Simmondsia Chinensis (Jojoba) Seed Oil , Isostearyl Neopentanoate , Squalane , Peg-100 Stearate , Methyl Gluceth-20 , Isopropyl Isostearate , Glyceryl Stearate , Cetearyl Alcohol , Polysorbate 60 , Peg-40 Stearate , Polyglyceryl-3 Beeswax , Prunus Amygdalus Dulcis (Sweet Almond) Seed Extract , Bambusa Vulgaris (Bamboo) Extract , Glycerin , Hordeum Vulgare (Barley) Extract/Extrait D'Orge , Chlorella Vulgaris Extract , Cucumis Sativus (Cucumber) Fruit Extract , Pisum Sativum (Pea) Extract , Caffeine , Sigesbeckia Orientalis (St. Paul'S Wort) Extract , Crithmum Maritimum Extract , Sodium Hyaluronate , Ethylhexylglycerin , Nylon-12 , Whey Protein/Lactis Protein/Proteine Du Petit-Lait , Carbomer , Tromethamine , Acrylamide/Sodium Acryloyldimethyltaurate Copolymer , Propylene Glycol Dicaprate , Oryzanol , Helianthus Annuus (Sunflower) Seedcake , Isohexadecane , Sorbitan Stearate , Hydrogenated Vegetable Oil , Polysorbate 80 , Glucosamine Hcl , Disodium Edta , Phenoxyethanol , Mica , Titanium Dioxide (Ci 77891)",0,0,0,0,0,sculptwear_contouring_massage_cream_mask,clinique,face_mask,clinique_sculptwear_contouring_massage_cream_mask,,,,,,,,,,"Caprylic/Capric Triglyceride;Butylene Glycol;Simmondsia Chinensis (Jojoba) Seed Oil;Isostearyl Neopentanoate;Squalane;Peg-100 Stearate;Methyl Gluceth-20;Isopropyl Isostearate;Glyceryl Stearate;Cetearyl Alcohol;Polysorbate 60;Peg-40 Stearate;Polyglyceryl-3 Beeswax;Prunus Amygdalus Dulcis (Sweet Almond) Seed Extract;Bambusa Vulgaris (Bamboo) Extract;Glycerin;Hordeum Vulgare (Barley) Extract/Extrait D'Orge;Chlorella Vulgaris Extract;Cucumis Sativus (Cucumber) Fruit Extract;Pisum Sativum (Pea) Extract;Caffeine;Sigesbeckia Orientalis (St, Paul'S Wort) Extract;Crithmum Maritimum Extract;Sodium Hyaluronate;Ethylhexylglycerin;Nylon-12;Whey Protein/Lactis Protein/Proteine Du Petit-Lait;Carbomer;Tromethamine;Acrylamide/Sodium Acryloyldimethyltaurate Copolymer;Propylene Glycol Dicaprate;Oryzanol;Helianthus Annuus (Sunflower) Seedcake;Isohexadecane;Sorbitan Stearate;Hydrogenated Vegetable Oil;Polysorbate 80;Glucosamine Hcl;Disodium Edta;Phenoxyethanol;Mica;Titanium Dioxide (Ci 77891)",,,,,,,,,,face mask,nan
Eye cream,LA MER,The Eye Concentrate,215,3.6,"Algae (Seaweed) Extract, Water, Cyclopentasiloxane, Glycerin, Dimethicone, Vinyl Dimethicone/Methicone Silsesquioxane Crosspolymer, Caprylic/Capric Triglyceride, Caprylic/Capric/Myristic/Stearic Triglyceride, Yeast Extract/Faex/Extrait De Levure, Sea Salt/Maris Sal/Sel Marin, Saccharomyces/Copper Ferment, Helichrysum Arenarium (Everlasting) Extract, Polysilicone-11, Gelidium Cartilagineum Extract, Tourmaline, Polygonum Fagopyrum Seed Extract, Saccharomyces Lysate Extract, Sesamum Indicum (Sesame) Seed Oil, Medicago Sativa (Alfalfa) Seed Powder, Helianthus Annuus (Sunflower) Seedcake, Prunus Amygdalus Dulcis (Sweet Almond) Seed Meal, Eucalyptus Globulus (Eucalyptus) Leaf Oil, Sodium Gluconate, Calcium Gluconate, Copper Gluconate, Magnesium Gluconate, Zinc Gluconate, Tocopheryl Succinate, Niacin, Sesamum Indicum (Sesame) Seed Powder, Corallina Officinalis Extract, Ferrous Gluconate, Glyceryl Triacetyl Ricinoleate, Hydrogenated Vegetable Oil, Macadamia Integrifolia Seed Oil, Palmitoyl Tetrapeptide-7, Acetyl Hexapeptide-8, Whey Protein/Lactis Protein/Proteine Du Petit-Lait, Hesperidin Methyl Chalcone, Cyclohexasiloxane, Linoleic Acid, Caffeine, Cholesterol, Tetraacetylphytosphingosine, Sigesbeckia Orientalis (St. Paul'S Wort) Extract, Butylene Glycol, Crithmum Maritimum Extract, Acetyl Glucosamine, Steareth-20, Aminopropyl Ascorbyl Phosphate, Nylon-12, Triethylhexanoin, Avena Sativa (Oat) Kernel Extract, Prunus Amygdalus Dulcis (Sweet Almond) Seed Extract, Isononyl Isononanoate, Glycine Soja (Soybean) Protein, Cetyl Peg/Ppg-10/1 Dimethicone, Phytosphingosine, Hydrogenated Polyisobutene, Propylene Glycol Dioctanoate, Calcium Chloride, Sucrose, Dipeptide-2, Dimethicone Crosspolymer, Triethoxycaprylylsilane, Caprylyl Glycol, Trimethylsiloxysilicate, Isododecane, Peg/Ppg-18/18 Dimethicone, Silica, Alumina, Fragrance, Phenoxyethanol, Mica, Titanium Dioxide (Ci 77891)",0,0,0,0,0,the_eye_concentrate,la_mer,eye_cream,la_mer_the_eye_concentrate,0.0,109.0,16056.0,3.633,0.5,Eye Care,430.0,3.33,0.68,"Algae (Seaweed) Extract;Cyclopentasiloxane;Glycerin;Dimethicone;Vinyl Dimethicone/Methicone Silsesquioxane Crosspolymer;Caprylic/Capric Triglyceride;Caprylic/Capric/Myristic/Stearic Triglyceride;Yeast Extract/Faex/Extrait De Levure;Sea Salt/Maris Sal/Sel Marin;Saccharomyces/Copper Ferment;Helichrysum Arenarium (Everlasting) Extract;Polysilicone-11;Gelidium Cartilagineum Extract;Tourmaline;Polygonum Fagopyrum Seed Extract;Saccharomyces Lysate Extract;Sesamum Indicum (Sesame) Seed Oil;Medicago Sativa (Alfalfa) Seed Powder;Helianthus Annuus (Sunflower) Seedcake;Prunus Amygdalus Dulcis (Sweet Almond) Seed Meal;Eucalyptus Globulus (Eucalyptus) Leaf Oil;Sodium Gluconate;Calcium Gluconate;Copper Gluconate;Magnesium Gluconate;Zinc Gluconate;Tocopheryl Succinate;Niacin;Sesamum Indicum (Sesame) Seed Powder;Corallina Officinalis Extract;Ferrous Gluconate;Glyceryl Triacetyl Ricinoleate;Hydrogenated Vegetable Oil;Macadamia Integrifolia Seed Oil;Palmitoyl Tetrapeptide-7;Acetyl Hexapeptide-8;Whey Protein/Lactis Protein/Proteine Du Petit-Lait;Hesperidin Methyl Chalcone;Cyclohexasiloxane;Linoleic Acid;Caffeine;Cholesterol;Tetraacetylphytosphingosine;Sigesbeckia Orientalis (St, Paul'S Wort) Extract;Butylene Glycol;Crithmum Maritimum Extract;Acetyl Glucosamine;Steareth-20;Aminopropyl Ascorbyl Phosphate;Nylon-12;Triethylhexanoin;Avena Sativa (Oat) Kernel Extract;Prunus Amygdalus Dulcis (Sweet Almond) Seed Extract;Isononyl Isononanoate;Glycine Soja (Soybean) Protein;Cetyl Peg/Ppg-10/1 Dimethicone;Phytosphingosine;Hydrogenated Polyisobutene;Propylene Glycol Dioctanoate;Calcium Chloride;Sucrose;Dipeptide-2;Dimethicone Crosspolymer;Triethoxycaprylylsilane;Caprylyl Glycol;Trimethylsiloxysilicate;Isododecane;Peg/Ppg-18/18 Dimethicone;Silica;Alumina;Fragrance;Phenoxyethanol;Mica;Titanium Dioxide (Ci 77891)",0.0,109.0,16056.0,3.633,0.5,Eye Care,430.0,3.33,0.68,eye care,High (13k - 26k)
Eye cream,DRUNK ELEPHANT,C-Tango™ Multivitamin Eye Cream,64,0.0,"Water, Glycerin, Dicaprylyl Carbonate, Cetearyl Alcohol, Caprylic/Capric Triglyceride, Hydroxyethyl Acrylate/Sodium Acryloyldimethyl Taurate Copolymer, Sodium Ascorbyl Phosphate, Cetearyl Olivate, Sorbitan Olivate, Sclerocarya Birrea Seed Oil, Persea Gratissima (Avocado) Oil, Plukenetia Volubilis Seed Oil, Magnesium Ascorbyl Phosphate, Ceteareth-6 Olivate, Tetrahexyldecyl Ascorbate, Ascorbyl Glucoside, Ascorbyl Palmitate, Palmitoyl Tripeptide-1, Glycine Soja (Soybean) Sterols, Linoleic Acid, Phospholipids, Ceramide NP, Glycine Soja (Soybean) Protein, Ceramide AP, Phytosphingosine, Cholesterol, Ceramide EOP, Cucumis Sativus (Cucumber) Fruit Extract, Camellia Sinensis Leaf Extract, Palmitoyl Dipeptide-5 Diaminobutyroyl Hydroxythreonine, Palmitoyl Dipeptide-5 Diaminohydroxybutyrate, Dipeptide Diaminobutyroyl Benzylamide Diacetate, Sodium Hyaluronate Crosspolymer, C12-15 Alkyl Benzoate, Panthenol, Dipotassium Glycyrrhizate, Hesperidin Methyl Chalcone, Dipeptide-2, Palmitoyl Tetrapeptide-7, Fragaria Ananassa (Strawberry) Seed Extract, Medicago Sativa (Alfalfa) Extract, Morus Alba Leaf Extract, Hydrolyzed Rice Protein, Spilanthes Acmella Flower Extract, Aloe Barbadensis Leaf Juice, Ubiquinone, Superoxide Dismutase, Palmitoyl Tripeptide-38, Acetyl Hexapeptide-8, Pyrus Malus (Apple) Fruit Extract, Phytic Acid, Actinidia Chinensis (Kiwi) Fruit Extract, Vaccinium Myrtillus Leaf Extract, Tocopherol, Thioctic Acid, N-Hydroxysuccinimide, Chrysin, Mica, Ethylhexyl Palmitate, Phenoxyethanol, Pentylene Glycol, Sodium Lauroyl Lactylate, Titanium Dioxide, Hydroxypropyl Cyclodextrin, Sodium Benzoate, Xanthan Gum, Carbomer, Tocopheryl Acetate, Sodium Dextran Sulfate, Sorbitan Isostearate, Caprylyl Glycol, Steareth-20, Chlorhexidine Digluconate, Citric Acid, Chlorphenesin, Polysorbate 60, Potassium Sorbate, Ethylhexylglycerin.",1,1,1,1,1,c_tango_multivitamin_eye_cream,drunk_elephant,eye_cream,drunk_elephant_c_tango_multivitamin_eye_cream,,,,,,,,,,"Glycerin;Dicaprylyl Carbonate;Cetearyl Alcohol;Caprylic/Capric Triglyceride;Hydroxyethyl Acrylate/Sodium Acryloyldimethyl Taurate Copolymer;Sodium Ascorbyl Phosphate;Cetearyl Olivate;Sorbitan Olivate;Sclerocarya Birrea Seed Oil;Persea Gratissima (Avocado) Oil;Plukenetia Volubilis Seed Oil;Magnesium Ascorbyl Phosphate;Ceteareth-6 Olivate;Tetrahexyldecyl Ascorbate;Ascorbyl Glucoside;Ascorbyl Palmitate;Palmitoyl Tripeptide-1;Glycine Soja (Soybean) Sterols;Linoleic Acid;Phospholipids;Ceramide NP;Glycine Soja (Soybean) Protein;Ceramide AP;Phytosphingosine;Cholesterol;Ceramide EOP;Cucumis Sativus (Cucumber) Fruit Extract;Camellia Sinensis Leaf Extract;Palmitoyl Dipeptide-5 Diaminobutyroyl Hydroxythreonine;Palmitoyl Dipeptide-5 Diaminohydroxybutyrate;Dipeptide Diaminobutyroyl Benzylamide Diacetate;Sodium Hyaluronate Crosspolymer;C12-15 Alkyl Benzoate;Panthenol;Dipotassium Glycyrrhizate;Hesperidin Methyl Chalcone;Dipeptide-2;Palmitoyl Tetrapeptide-7;Fragaria Ananassa (Strawberry) Seed Extract;Medicago Sativa (Alfalfa) Extract;Morus Alba Leaf Extract;Hydrolyzed Rice Protein;Spilanthes Acmella Flower Extract;Aloe Barbadensis Leaf Juice;Ubiquinone;Superoxide Dismutase;Palmitoyl Tripeptide-38;Acetyl Hexapeptide-8;Pyrus Malus (Apple) Fruit Extract;Phytic Acid;Actinidia Chinensis (Kiwi) Fruit Extract;Vaccinium Myrtillus Leaf Extract;Tocopherol;Thioctic Acid;N-Hydroxysuccinimide;Chrysin;Mica;Ethylhexyl Palmitate;Phenoxyethanol;Pentylene Glycol;Sodium Lauroyl Lactylate;Titanium Dioxide;Hydroxypropyl Cyclodextrin;Sodium Benzoate;Xanthan Gum;Carbomer;Tocopheryl Acetate;Sodium Dextran Sulfate;Sorbitan Isostearate;Caprylyl Glycol;Steareth-20;Chlorhexidine Digluconate;Citric Acid;Chlorphenesin;Polysorbate 60;Potassium Sorbate;Ethylhexylglycerin,",1.0,469.0,59473.0,3.7527,0.5,Eye Care,128.0,0.8,0.79,eye care,nan
Eye cream,SHISEIDO,Benefiance WrinkleResist24 Intensive Eye Contour Cream,60,4.3,"Water, Hydrogenated Polydecene, Mineral Oil (Paraffinum Liquidum), Glycerin, Petrolatum, Butylene Glycol, Paraffin, Polyglyceryl-2 Diisostearate, Squalane, Glyceryl Oleate, Sodium Glutamate, Sodium Pca, Dipropylene Glycol, Beeswax (Cera Alba), Microcrystalline Wax (Cera Microcristallina), Polyethylene, Methylparaben, Phytosteryl/Octyldodecyl Lauroyl Glutamate, Fragrance (Parfum), Trisodium Edta, Tocopheryl Acetate, Alcohol, Tocopherol, Iron Oxides (Ci 77492), Butylphenyl Methylpropional, Sapindus Mukurossi Peel Extract (Sapindus Mukurossi), Limonene, Linalool, Citronellol, Alpha-Isomethyl Ionone, Geraniol, Uncaria Gambir Extract (Uncaria Gambir), Benzyl Benzoate, Hexyl Cinnamal, Sanguisorba Officinalis Root Extract, Sodium Acetylated Hyaluronate, Hydroxyproline, Iron Oxides (Ci 77491), Chlorella Vulgaris Extract, Bht.",1,1,1,1,1,benefiance_wrinkleresist24_intensive_eye_contour_cream,shiseido,eye_cream,shiseido_benefiance_wrinkleresist24_intensive_eye_contour_cream,0.0,1000.0,62205.0,4.261,0.51,Eye Care,117.65,0.43,1.61,"Hydrogenated Polydecene;Mineral Oil (Paraffinum Liquidum);Glycerin;Petrolatum;Butylene Glycol;Paraffin;Polyglyceryl-2 Diisostearate;Squalane;Glyceryl Oleate;Sodium Glutamate;Sodium Pca;Dipropylene Glycol;Beeswax (Cera Alba);Microcrystalline Wax (Cera Microcristallina);Polyethylene;Methylparaben;Phytosteryl/Octyldodecyl Lauroyl Glutamate;Fragrance (Parfum);Trisodium Edta;Tocopheryl Acetate;Alcohol;Tocopherol;Iron Oxides (Ci 77492);Butylphenyl Methylpropional;Sapindus Mukurossi Peel Extract (Sapindus Mukurossi);Limonene;Linalool;Citronellol;Alpha-Isomethyl Ionone;Geraniol;Uncaria Gambir Extract (Uncaria Gambir);Benzyl Benzoate;Hexyl Cinnamal;Sanguisorba Officinalis Root Extract;Sodium Acetylated Hyaluronate;Hydroxyproline;Iron Oxides (Ci 77491);Chlorella Vulgaris Extract;Bht,",0.0,1000.0,62205.0,4.261,0.51,Eye Care,117.65,0.43,1.61,eye care,Very High (26k - 193k)
Eye cream,KIEHL'S SINCE 1851,Creamy Eye Treatment with Avocado,29,4.3,"Water, Butyrospermum Parkii Butter, Shea Butter, Butylene Glycol, Tridecyl Stearate, Isodecyl Salicylate, Peg-30 Dipolyhydroxystearate, Tridecyl Trimellitate, Persea Gratissima Oil, Avocado Oil, Isocetyl Stearoyl Stearate, Propylene Glycol, Dipentaerythrityl Hexacaprylate/Hexacaprate, Sorbitan Sesquioleate, Magnesium Sulfate, Phenoxyethanol, Hydrogenated Castor Oil, Sodium Pca, Ozokerite, Methylparaben, Tocopheryl Acetate, Isopropyl Palmitate, Disodium Edta, Copper Pca, Butylparaben, Ethylparaben, Propylparaben, Zea Mays Oil, Corn Oil, Beta-Carotene.",1,1,1,1,1,creamy_eye_treatment_with_avocado,kiehl's_since_1851,eye_cream,kiehl's_since_1851_creamy_eye_treatment_with_avocado,0.0,768.0,37684.0,4.2461,0.5,Eye Care,60.0,0.55,2.04,"Butyrospermum Parkii Butter;Shea Butter;Butylene Glycol;Tridecyl Stearate;Isodecyl Salicylate;Peg-30 Dipolyhydroxystearate;Tridecyl Trimellitate;Persea Gratissima Oil;Avocado Oil;Isocetyl Stearoyl Stearate;Propylene Glycol;Dipentaerythrityl Hexacaprylate/Hexacaprate;Sorbitan Sesquioleate;Magnesium Sulfate;Phenoxyethanol;Hydrogenated Castor Oil;Sodium Pca;Ozokerite;Methylparaben;Tocopheryl Acetate;Isopropyl Palmitate;Disodium Edta;Copper Pca;Butylparaben;Ethylparaben;Propylparaben;Zea Mays Oil;Corn Oil;Beta-Carotene,",0.0,768.0,37684.0,4.2461,0.5,Eye Care,60.0,0.55,2.04,eye care,Very High (26k - 193k)
Eye cream,OLEHENRIKSEN,Banana Bright Eye Crème,38,4.2,"Water, Simmondsia Chinensis (Jojoba) Seed Oil, Butyrospermum Parkii (Shea) Butter, Isododecane, Coconut Alkanes, Tetrahexyldecyl Ascorbate, Polyglyceryl-3 Rice Branate, Polyglyceryl-3 Beeswax, Cetearyl Alcohol, 3-0-Ethyl Ascorbic Acid, Glycerin, Dilinoleic Acid/Propanediol Copolymer, Polymethylsilsesquioxane, Cocoyl Proline, Pentaerythrityl Tetraisostearate, Dimethicone Crosspolymer, HDI/Trimethylol Hexyllactone Crosspolymer, Polyacrylate-13, Mica, Polysorbate 20, Caprylyl Glycol, Titanium Dioxide (CI 77891), Polyglyceryl-6 Ricinoleate, Polyglyceryl-6 Caprylate, Polyglyceryl-4 Caprate, Polyglyceryl-3 Cocoate, Phenoxyethanol, Coco-Caprylate/Caprate, Polyisobutene, Acrylates/C10-30 Alkyl Acrylate Crosspolymer, Parfum/Fragrance, Tamarindus Indica Seed Polysaccharide, Tocopheryl Acetate, Rosa Canina Fruit Extract, Lycium Barbarum Fruit Extract, Hippophae Rhamnoides Extract, Citrus Limon (Lemon) Fruit Extract, Citrus Aurantium Dulcis (Orange) Fruit Extract, Sodium Hydroxide, Sorbic Acid, Iron Oxides (CI 77491), Leuconostoc/Radish Root Ferment Filtrate, Sorbitan Isostearate, Silica, Sodium Benzoate, Propanediol, Vegetable Collagen, Aroma/Flavor, Ascorbic Acid, Linoleic Acid, Pullulan, Nannochloropsis Oculata Extract, Linolenic Acid, Citric Acid, Potassium Sorbate, Tocopherol, Citral, Limonene, Linalool.",1,1,1,1,1,banana_bright_eye_crème,olehenriksen,eye_cream,olehenriksen_banana_bright_eye_crème,,,,,,,,,,"Simmondsia Chinensis (Jojoba) Seed Oil;Butyrospermum Parkii (Shea) Butter;Isododecane;Coconut Alkanes;Tetrahexyldecyl Ascorbate;Polyglyceryl-3 Rice Branate;Polyglyceryl-3 Beeswax;Cetearyl Alcohol;3-0-Ethyl Ascorbic Acid;Glycerin;Dilinoleic Acid/Propanediol Copolymer;Polymethylsilsesquioxane;Cocoyl Proline;Pentaerythrityl Tetraisostearate;Dimethicone Crosspolymer;HDI/Trimethylol Hexyllactone Crosspolymer;Polyacrylate-13;Mica;Polysorbate 20;Caprylyl Glycol;Titanium Dioxide (CI 77891);Polyglyceryl-6 Ricinoleate;Polyglyceryl-6 Caprylate;Polyglyceryl-4 Caprate;Polyglyceryl-3 Cocoate;Phenoxyethanol;Coco-Caprylate/Caprate;Polyisobutene;Acrylates/C10-30 Alkyl Acrylate Crosspolymer;Parfum/Fragrance;Tamarindus Indica Seed Polysaccharide;Tocopheryl Acetate;Rosa Canina Fruit Extract;Lycium Barbarum Fruit Extract;Hippophae Rhamnoides Extract;Citrus Limon (Lemon) Fruit Extract;Citrus Aurantium Dulcis (Orange) Fruit Extract;Sodium Hydroxide;Sorbic Acid;Iron Oxides (CI 77491);Leuconostoc/Radish Root Ferment Filtrate;Sorbitan Isostearate;Silica;Sodium Benzoate;Propanediol;Vegetable Collagen;Aroma/Flavor;Ascorbic Acid;Linoleic Acid;Pullulan;Nannochloropsis Oculata Extract;Linolenic Acid;Citric Acid;Potassium Sorbate;Tocopherol;Citral;Limonene;Linalool,",0.0,2000.0,126365.0,4.1532,0.5,,76.0,0.21,1.58,eye care,nan
Eye cream,ESTÉE LAUDER,Advanced Night Repair Eye Supercharged Complex,62,4.4,"Advanced Night Repr Eye Sync Cmpii Division: El (Estee Lauder)Ingredients: Methyl Trimethicone, Water, Bifida Ferment Lysate, Dimethicone, Dimethicone/Vinyl Dimethicone Crosspolymer, Propanediol, Sucrose, Petrolatum, Polysorbate 40, Trehalose, Algae Extract, Morus Bombycis (Mulberry) Root Extract, Scutellaria Baicalensis Root Extract, Lactobacillus Ferment, Triticum Vulgare (Wheat) Germ Extract, Acrylamide/Sodium Acryloyldimethyltaurate Copolymer, Betula Alba (Birch) Extract, Hydrolyzed Algin, Poria Cocos Sclerotium Extract, Jojoba Alcohol, Ethylhexylglycerin, Glycine Soja (Soybean) Seed Extract, Isopropyl Jojobate, Jojoba Esters, Isohexadecane, Yeast Extract/Faex/Extrait De Levure, Hydrogenated Lecithin, Hordeum Vulgare (Barley) Extract/Extrait D'Orge, Peg/Ppg-18/18 Dimethicone, Cholesterol, Anthemis Nobilis (Chamomile), Tocopheryl Acetate, Sodium Rna, Caffeine, Polysorbate 80, Caprylyl Glycol, Phytosphingosine, Squalane, Potassium Sulfate, Sodium Hyaluronate, Acrylates/C10-30 Alkyl Acrylate Crosspolymer, Tripeptide-32, Butylene Glycol, Tromethamine, Disodium Edta, Bht, Phenoxyethanol, Iron Oxides (Ci 77491, Ci 77492, Ci 77499) Please be aware that ingredient lists may change or vary from time to time.� Please refer to the ingredient list on the product package you receive for the most up to date list of ingredients.",1,1,1,1,0,advanced_night_repair_eye_supercharged_complex,estée_lauder,eye_cream,estée_lauder_advanced_night_repair_eye_supercharged_complex,,,,,,,,,,"Advanced Night Repr Eye Sync Cmpii Division: El (Estee Lauder)Ingredients: Methyl Trimethicone;Bifida Ferment Lysate;Dimethicone;Dimethicone/Vinyl Dimethicone Crosspolymer;Propanediol;Sucrose;Petrolatum;Polysorbate 40;Trehalose;Algae Extract;Morus Bombycis (Mulberry) Root Extract;Scutellaria Baicalensis Root Extract;Lactobacillus Ferment;Triticum Vulgare (Wheat) Germ Extract;Acrylamide/Sodium Acryloyldimethyltaurate Copolymer;Betula Alba (Birch) Extract;Hydrolyzed Algin;Poria Cocos Sclerotium Extract;Jojoba Alcohol;Ethylhexylglycerin;Glycine Soja (Soybean) Seed Extract;Isopropyl Jojobate;Jojoba Esters;Isohexadecane;Yeast Extract/Faex/Extrait De Levure;Hydrogenated Lecithin;Hordeum Vulgare (Barley) Extract/Extrait D'Orge;Peg/Ppg-18/18 Dimethicone;Cholesterol;Anthemis Nobilis (Chamomile);Tocopheryl Acetate;Sodium Rna;Caffeine;Polysorbate 80;Caprylyl Glycol;Phytosphingosine;Squalane;Potassium Sulfate;Sodium Hyaluronate;Acrylates/C10-30 Alkyl Acrylate Crosspolymer;Tripeptide-32;Butylene Glycol;Tromethamine;Disodium Edta;Bht;Phenoxyethanol;Iron Oxides (Ci 77491;Ci 77492;Ci 77499) Please be aware that ingredient lists may change or vary from time to time,� Please refer to the ingredient list on the product package you receive for the most up to date list of ingredients,",0.0,210.0,14169.0,4.1952,0.5,Eye Care,124.0,2.0,1.48,eye care,nan
Eye cream,FRESH,Black Tea Firming and De-Puffing Eye Cream,68,4.0,"Water, Glycerin, Butylene Glycol, Squalane, Propylene Glycol Dicaprylate/Dicaprate, Caprylic/Capric Triglyceride, Methyl Methacrylate Crosspolymer, Pentylene Glycol, Steareth-21, Cetyl Alcohol, Stearyl Alcohol, Limnanthes Alba (Meadowfoam) Seed Oil, Saccharomyces Ferment Filtrate, Camellia Sinensis Leaf Extract, Avena Sativa (Oat) Kernel Extract, Morinda Citrifolia Fruit Juice, Saccharomyces Cerevisiae Extract, Litchi Chinensis Seed Extract, Rubus Fruticosus (Blackberry) Leaf Extract, Acacia Senegal Gum, Adenosine, Sodium Hyaluronate, Tocopheryl Acetate, Ascorbyl Tetraisopalmitate, Tocopherol, Hydrogenated Palm Kernel Glycerides, Glyceryl Hydroxystearate, Steareth-2, Stearalkonium Hectorite, Sodium Polyacrylate, Fragrance, Dimethicone, Silica, Propylene Carbonate, Acrylates/C10-30 Alkyl Acrylate Crosspolymer, Maltodextrin, Tromethamine, Hydrogenated Palm Glycerides, Ci 77891 (Titanium Dioxide), Biosaccharide Gum-2, Caramel, Hydroxyethylcellulose, Algin, Bht, Sodium Citrate, Tin Oxide, Citric Acid, Ethylhexylglycerin, Potassium Sorbate, Serine, Biotin, Linalool, Phenoxyethanol.",1,1,1,1,1,black_tea_firming_and_de_puffing_eye_cream,fresh,eye_cream,fresh_black_tea_firming_and_de_puffing_eye_cream,0.0,420.0,34145.0,3.9929,0.5,Eye Care,136.0,0.95,1.23,"Glycerin;Butylene Glycol;Squalane;Propylene Glycol Dicaprylate/Dicaprate;Caprylic/Capric Triglyceride;Methyl Methacrylate Crosspolymer;Pentylene Glycol;Steareth-21;Cetyl Alcohol;Stearyl Alcohol;Limnanthes Alba (Meadowfoam) Seed Oil;Saccharomyces Ferment Filtrate;Camellia Sinensis Leaf Extract;Avena Sativa (Oat) Kernel Extract;Morinda Citrifolia Fruit Juice;Saccharomyces Cerevisiae Extract;Litchi Chinensis Seed Extract;Rubus Fruticosus (Blackberry) Leaf Extract;Acacia Senegal Gum;Adenosine;Sodium Hyaluronate;Tocopheryl Acetate;Ascorbyl Tetraisopalmitate;Tocopherol;Hydrogenated Palm Kernel Glycerides;Glyceryl Hydroxystearate;Steareth-2;Stearalkonium Hectorite;Sodium Polyacrylate;Fragrance;Dimethicone;Silica;Propylene Carbonate;Acrylates/C10-30 Alkyl Acrylate Crosspolymer;Maltodextrin;Tromethamine;Hydrogenated Palm Glycerides;Ci 77891 (Titanium Dioxide);Biosaccharide Gum-2;Caramel;Hydroxyethylcellulose;Algin;Bht;Sodium Citrate;Tin Oxide;Citric Acid;Ethylhexylglycerin;Potassium Sorbate;Serine;Biotin;Linalool;Phenoxyethanol,",0.0,420.0,34145.0,3.9929,0.5,Eye Care,136.0,0.95,1.23,eye care,Very High (26k - 193k)
Eye cream,BELIF,Moisturizing Eye Bomb,48,4.6,"Water, Dipropylene Glycol, Butylene Glycol, Glycerin, Squalane, Cyclopentasiloxane, Caprylyl Trimethicone, Dimethicone, HDI/TriMethylol Hexyllactone Crosspolymer, Sucrose Polystearate, 1,2-Hexanediol, PCA Dimethicone, Panthenol, Triethylhexanoin, Cellulose, Ceramide NP, Centella Asiatica Leaf Extract, Avena Sativa (Oat) Kernel Extract*, Calendula Officinalis Flower Extract*, Nepeta Cataria Extract*, Rubus Idaeus (Raspberry) Leaf Extract*, Baptisia Tinctoria Root Extract*, Stellaria Media (Chickweed) Extract*, Alchemilla Vulgaris Leaf Extract**, Viola Tricolor Extract**, Rosa Damascena Flower Extract**, Spiraea Ulmaria Flower Extract**, Althaea Officinalis Root Extract**, Achillea Millefolium Flower Extract, Symphytum Officinale Leaf Extract, Trifolium Pratense (Clover) Flower Extract, Menyanthes Trifoliata Leaf Extract, Salix Alba (Willow) Bark Extract, Dimethicone/Vinyl Dimethicone Crosspolymer, Silica, Hydrogenated Polyisobutene, Glyceryl Stearate, PEG-100 Stearate, Hydrogenated Lecithin, PEG-10 Rapeseed Sterol, Glycereth-20, C14-22 Alcohols, C12-20 Alkyl Gucoside, Hydroxyethyl Acrylate/Sodium Acryloyldimethyl Taurate Copolymwer, Polysorbate 60, Hydroxyproline, Carbomer, Tromethamine, Trisodium EDTA, Citrus Aurantium Dulcis (Orange) Peel Oil+, Rosamarinus Officinalis (Rosemary) Leaf Oil+, Pelargonium Graveolens Flower OIl+, Citral, Citrannellol, Limonene, Geraniol, Linalool. *Napiers original formula. **Napiers moisture formula. +Fragrances of natural origin.",1,1,1,1,1,moisturizing_eye_bomb,belif,eye_cream,belif_moisturizing_eye_bomb,0.0,1000.0,48667.0,4.5476,,Eye Care,,0.45,2.05,"Dipropylene Glycol;Butylene Glycol;Glycerin;Squalane;Cyclopentasiloxane;Caprylyl Trimethicone;Dimethicone;HDI/TriMethylol Hexyllactone Crosspolymer;Sucrose Polystearate;1,2-Hexanediol;PCA Dimethicone;Panthenol;Triethylhexanoin;Cellulose;Ceramide NP;Centella Asiatica Leaf Extract;Avena Sativa (Oat) Kernel Extract*;Calendula Officinalis Flower Extract*;Nepeta Cataria Extract*;Rubus Idaeus (Raspberry) Leaf Extract*;Baptisia Tinctoria Root Extract*;Stellaria Media (Chickweed) Extract*;Alchemilla Vulgaris Leaf Extract**;Viola Tricolor Extract**;Rosa Damascena Flower Extract**;Spiraea Ulmaria Flower Extract**;Althaea Officinalis Root Extract**;Achillea Millefolium Flower Extract;Symphytum Officinale Leaf Extract;Trifolium Pratense (Clover) Flower Extract;Menyanthes Trifoliata Leaf Extract;Salix Alba (Willow) Bark Extract;Dimethicone/Vinyl Dimethicone Crosspolymer;Silica;Hydrogenated Polyisobutene;Glyceryl Stearate;PEG-100 Stearate;Hydrogenated Lecithin;PEG-10 Rapeseed Sterol;Glycereth-20;C14-22 Alcohols;C12-20 Alkyl Gucoside;Hydroxyethyl Acrylate/Sodium Acryloyldimethyl Taurate Copolymwer;Polysorbate 60;Hydroxyproline;Carbomer;Tromethamine;Trisodium EDTA;Citrus Aurantium Dulcis (Orange) Peel Oil+;Rosamarinus Officinalis (Rosemary) Leaf Oil+;Pelargonium Graveolens Flower OIl+;Citral;Citrannellol;Limonene;Geraniol;Linalool, *Napiers original formula, **Napiers moisture formula, +Fragrances of natural origin,",0.0,1000.0,48667.0,4.5476,,Eye Care,,0.45,2.05,eye care,Very High (26k - 193k)
Eye cream,LA MER,The Eye Balm Intense,215,4.1,"Water, Seaweed (Algae) Extract, Butyrospermum Parkii (Shea Butter), Butylene Glycol, Polyethylene, Hydrogenated Polyisobutene, Dimethicone, Cetyl Esters, Cetearyl Alcohol, Malachite, Polybutene, Isostearyl Neopentanoate, Silica, Trisiloxane, Yeast Extract/Faex/Extrait De Levure, Caffeine, Cholesterol, Ascophyllum Nodosum Extract, Asparagopsis Armata Extract, Gelidium Cartilagineum Extract, Saccharomyces Lysate Extract, Sesamum Indicum (Sesame) Seed Oil, Eucalyptus Globulus (Eucalyptus) Leaf Oil, Sesamum Indicum (Sesame) Seed, Medicago Sativa (Alfalfa) Seed Powder, Helianthus Annuus (Sunflower) Seedcake, Prunus Amygdalus Dulcis (Sweet Almond) Seed Meal, Sodium Gluconate, Potassium Gluconate, Copper Gluconate, Calcium Gluconate, Magnesium Gluconate, Zinc Gluconate, Tocopheryl Succinate, Niacin, Sigesbeckia Orientalis (St. Paul'S Wort) Extract, Whey Protein/Lactis Protein/Proteine Du Petit-Lait, Sucrose, Elaeis Guineensis (Palm) Oil, Methyl Glucose Sesquistearate, Cetearyl Glucoside, Glycerin, Aminomethyl Propanol, Glyceryl Distearate, Tetraacetylphytosphingosine, Linoleic Acid, Sorbitol, Acrylates/C10-30 Alkyl Acrylate Crosspolymer, Steareth-10, Magnesium Ascorbyl Phosphate, Vinyl Dimethicone/Methicone Silsesquioxane Crosspolymer, Sodium Hyaluronate, Tocotrienols, Hexylene Glycol, Phytosphingosine, Isododecane, Tocopherol, Squalene, Propylene Glycol Dioctanoate, Phytosterols, Trimethylsiloxysilicate, Caprylyl Glycol, Acetyl Hexapeptide-8, Carbomer, Fragrance, Tourmaline, Disodium Edta, Sodium Dehydroacetate, Phenoxyethanol, Linalool, Limonene, Benzyl Salicylate, Blue 1 (Ci 42090), Yellow 5 (Ci 19140), Titanium Dioxide (Ci 77891), Green 5 (Ci 61570)",0,0,0,0,0,the_eye_balm_intense,la_mer,eye_cream,la_mer_the_eye_balm_intense,0.0,30.0,6251.0,3.96669999999999,0.5,Eye Care,430.0,13.22,0.48,"Seaweed (Algae) Extract;Butyrospermum Parkii (Shea Butter);Butylene Glycol;Polyethylene;Hydrogenated Polyisobutene;Dimethicone;Cetyl Esters;Cetearyl Alcohol;Malachite;Polybutene;Isostearyl Neopentanoate;Silica;Trisiloxane;Yeast Extract/Faex/Extrait De Levure;Caffeine;Cholesterol;Ascophyllum Nodosum Extract;Asparagopsis Armata Extract;Gelidium Cartilagineum Extract;Saccharomyces Lysate Extract;Sesamum Indicum (Sesame) Seed Oil;Eucalyptus Globulus (Eucalyptus) Leaf Oil;Sesamum Indicum (Sesame) Seed;Medicago Sativa (Alfalfa) Seed Powder;Helianthus Annuus (Sunflower) Seedcake;Prunus Amygdalus Dulcis (Sweet Almond) Seed Meal;Sodium Gluconate;Potassium Gluconate;Copper Gluconate;Calcium Gluconate;Magnesium Gluconate;Zinc Gluconate;Tocopheryl Succinate;Niacin;Sigesbeckia Orientalis (St, Paul'S Wort) Extract;Whey Protein/Lactis Protein/Proteine Du Petit-Lait;Sucrose;Elaeis Guineensis (Palm) Oil;Methyl Glucose Sesquistearate;Cetearyl Glucoside;Glycerin;Aminomethyl Propanol;Glyceryl Distearate;Tetraacetylphytosphingosine;Linoleic Acid;Sorbitol;Acrylates/C10-30 Alkyl Acrylate Crosspolymer;Steareth-10;Magnesium Ascorbyl Phosphate;Vinyl Dimethicone/Methicone Silsesquioxane Crosspolymer;Sodium Hyaluronate;Tocotrienols;Hexylene Glycol;Phytosphingosine;Isododecane;Tocopherol;Squalene;Propylene Glycol Dioctanoate;Phytosterols;Trimethylsiloxysilicate;Caprylyl Glycol;Acetyl Hexapeptide-8;Carbomer;Fragrance;Tourmaline;Disodium Edta;Sodium Dehydroacetate;Phenoxyethanol;Linalool;Limonene;Benzyl Salicylate;Blue 1 (Ci 42090);Yellow 5 (Ci 19140);Titanium Dioxide (Ci 77891);Green 5 (Ci 61570)",0.0,30.0,6251.0,3.96669999999999,0.5,Eye Care,430.0,13.22,0.48,eye care,Low (3k - 7k)
Eye cream,ORIGINS,GinZing™ Refreshing Eye Cream to Brighten and Depuff,32,4.0,"Water, Methyl Trimethicone, Butylene Glycol, Peg-100 Stearate, Dimethicone, Cetyl Ricinoleate, Silica, Olea Europaea (Olive) Fruit Oil, Glycerin, Behenyl Alcohol, Cucumis Sativus (Cucumber) Fruit Extract, Panax Ginseng (Ginseng) Root Extract, Castanea Sativa (Chestnut) Seed Extract, Camellia Sinensis (Green Tea) Leaf Extract, Cordyceps Sinensis Extract, Magnolia Officinalis Bark Extract, Pyrus Malus (Apple) Fruit Extract, Scutellaria Baicalensis Root Extract, Pantethine, Panthenol, Caprylic/Capric Triglyceride, Butyrospermum Parkii (Shea Butter), Caffeine, Coleus Barbatus Extract, Yeast Extract\Faex\Extrait De Levure, Folic Acid, Hydrogenated Lecithin, Jojoba Wax Peg-120 Esters, Biotin, Tribehenin, Myristyl Alcohol, Palmitoyl Tetrapeptide-7, Trehalose, Sodium Hyaluronate, Ascorbyl Tocopheryl Maleate, Hesperidin Methyl Chalcone, Sodium Sulfite, Sodium Metabisulfite, Steareth-20, Dipeptide-2, Ethylhexylglycerin, Carbomer, Tromethamine, Sorbic Acid, Chlorphenesin, Phenoxyethanol, Mica, Titanium Dioxide (Ci 77891), Iron Oxides (Ci 77491, Ci 77492, Ci 77499).",1,1,1,1,1,ginzing_refreshing_eye_cream_to_brighten_and_depuff,origins,eye_cream,origins_ginzing_refreshing_eye_cream_to_brighten_and_depuff,,,,,,,,,,"Methyl Trimethicone;Butylene Glycol;Peg-100 Stearate;Dimethicone;Cetyl Ricinoleate;Silica;Olea Europaea (Olive) Fruit Oil;Glycerin;Behenyl Alcohol;Cucumis Sativus (Cucumber) Fruit Extract;Panax Ginseng (Ginseng) Root Extract;Castanea Sativa (Chestnut) Seed Extract;Camellia Sinensis (Green Tea) Leaf Extract;Cordyceps Sinensis Extract;Magnolia Officinalis Bark Extract;Pyrus Malus (Apple) Fruit Extract;Scutellaria Baicalensis Root Extract;Pantethine;Panthenol;Caprylic/Capric Triglyceride;Butyrospermum Parkii (Shea Butter);Caffeine;Coleus Barbatus Extract;Yeast Extract\Faex\Extrait De Levure;Folic Acid;Hydrogenated Lecithin;Jojoba Wax Peg-120 Esters;Biotin;Tribehenin;Myristyl Alcohol;Palmitoyl Tetrapeptide-7;Trehalose;Sodium Hyaluronate;Ascorbyl Tocopheryl Maleate;Hesperidin Methyl Chalcone;Sodium Sulfite;Sodium Metabisulfite;Steareth-20;Dipeptide-2;Ethylhexylglycerin;Carbomer;Tromethamine;Sorbic Acid;Chlorphenesin;Phenoxyethanol;Mica;Titanium Dioxide (Ci 77891);Iron Oxides (Ci 77491;Ci 77492;Ci 77499),",0.0,3000.0,99998.0,4.0354,0.5,,64.0,0.13,3.0,eye care,nan
Eye cream,TATCHA,The Pearl Tinted Eye Illuminating Treatment,48,4.0,"-Liquid Extract from Akoya Pearls: A naturally-derived anti-glycation ingredient that helps to reduce the intrinsic signs of aging and fatigue around the eye area associated with A.G.E.; works to address dark circles and fine lines and wrinkles by supporting natural collagen production and inhibiting hyperpigmentation; boosted by niacinamide, known to visibly brighten and firm, and pearl pigments for sheer, radiant coverage. -Silk Powder: Provides a blurring effect with a natural silken finish, and absorbs excess oil while still moisturizing to help makeup glide on smoothly and wear longer. -Hadasei-3 and Hyaluronic Acid: A fermentation of detoxifying uji green tea, polysaccharide-rich Okinawa mozuku algae, and nourishing akita rice is combined with hyaluronic acid to soften, plump, and hydrate skin for enhanced suppleness and youthful radiance. -Protective Blend of Botanical Extracts: Anti-pollution natural active ingredients fight attack from environmental stressors and act as a barrier between makeup and skin, helping to protect against signs of aging over time.",1,1,1,1,1,the_pearl_tinted_eye_illuminating_treatment,tatcha,eye_cream,tatcha_the_pearl_tinted_eye_illuminating_treatment,1.0,713.0,49972.0,4.0421,0.4,Eye Care,120.0,0.57,1.43,"-Liquid Extract from Akoya Pearls: A naturally-derived anti-glycation ingredient that helps to reduce the intrinsic signs of aging and fatigue around the eye area associated with A,G,E,; works to address dark circles and fine lines and wrinkles by supporting natural collagen production and inhibiting hyperpigmentation; boosted by niacinamide;known to visibly brighten and firm;and pearl pigments for sheer;radiant coverage, -Silk Powder: Provides a blurring effect with a natural silken finish;and absorbs excess oil while still moisturizing to help makeup glide on smoothly and wear longer, -Hadasei-3 and Hyaluronic Acid: A fermentation of detoxifying uji green tea;polysaccharide-rich Okinawa mozuku algae;and nourishing akita rice is combined with hyaluronic acid to soften;plump;and hydrate skin for enhanced suppleness and youthful radiance, -Protective Blend of Botanical Extracts: Anti-pollution natural active ingredients fight attack from environmental stressors and act as a barrier between makeup and skin;helping to protect against signs of aging over time,",1.0,713.0,49972.0,4.0421,0.4,Eye Care,120.0,0.57,1.43,eye care,Very High (26k - 193k)
Eye cream,SHISEIDO,Benefiance WrinkleResist24 Pure Retinol Express Smoothing Eye Mask,65,4.4,"Water, Butylene Glycol, Pentaerythrityl Tetraoctanoate, Phenyl Trimethicone Glycerin Dipropylene Glycol, Alcohol Denat., Betaine, Peg-60 Hydrogenated Castor Oil, Tocopheryl Acetate, Squalane, Xanthan Gum, Arginine HCL, Magnesium Ascorbyl Phosphate, Glucosyl Hesperidin, Ginseng Extract, Sodium Acetylated Hyaluronate, Hydroxyproline, Raspberry Extract, Sodium Citrate, Carbomer, BHT, Potassium Hydroxide, Retinol, Polysorbate 20, Citric Acid, Alcohol, Trisodium EDTA, Phenoxyethanol, Methylparaben, Fragrance, Beta-Carotene.",1,1,1,1,0,benefiance_wrinkleresist24_pure_retinol_express_smoothing_eye_mask,shiseido,eye_cream,shiseido_benefiance_wrinkleresist24_pure_retinol_express_smoothing_eye_mask,0.0,380.0,41478.0,4.4342,,Eye Care,,1.17,0.92,"Butylene Glycol;Pentaerythrityl Tetraoctanoate;Phenyl Trimethicone Glycerin Dipropylene Glycol;Alcohol Denat,;Betaine;Peg-60 Hydrogenated Castor Oil;Tocopheryl Acetate;Squalane;Xanthan Gum;Arginine HCL;Magnesium Ascorbyl Phosphate;Glucosyl Hesperidin;Ginseng Extract;Sodium Acetylated Hyaluronate;Hydroxyproline;Raspberry Extract;Sodium Citrate;Carbomer;BHT;Potassium Hydroxide;Retinol;Polysorbate 20;Citric Acid;Alcohol;Trisodium EDTA;Phenoxyethanol;Methylparaben;Fragrance;Beta-Carotene,",0.0,380.0,41478.0,4.4342,,Eye Care,,1.17,0.92,eye care,Very High (26k - 193k)
Eye cream,DRUNK ELEPHANT,Shaba Complex™ Eye Serum,60,3.9,"Water, Octyldodecanol, Glycerin, Boron Nitride, Saccharomyces/Xylinum/Black Tea Ferment, Coconut Alkanes, Cetyl Alcohol, Cetearyl Olivate, Sorbitan Olivate, Niacinamide, Copper Tripeptide-1, Leontopodium Alpinum Meristem Cell Culture, Dipeptide-2, Palmitoyl Tripeptide-1, Palmitoyl Tetrapeptide-7, Copper Lysinate/Prolinate, Hesperidin Methyl Chalcone, Chondrus Crispus (Carrageenan), Mangifera Indica (Mango) Seed Butter, Glycine Soja (Soybean) Oil, Hippophae Rhamnoides Oil, Sclerocarya Birrea Seed Oil, Sodium Hyaluronate Crosspolymer, Hydroxyethylcellulose, Coco-Caprylate/Caprate, Steareth-20, Lecithin, Panthenol, N-Hydroxysuccinimide, Ubiquinone, Citric Acid, Thioctic Acid, Tocopherol, Chrysin, Sclerotium Gum, Methylglucoside Phosphate, Xanthan Gum, Potassium Sorbate, Sodium Benzoate, Chlorphenesin, Caprylyl Glycol, Sodium Hydroxide, Phenoxyethanol, Pentylene Glycol, Ethylhexylglycerin",1,1,1,1,1,shaba_complex_eye_serum,drunk_elephant,eye_cream,drunk_elephant_shaba_complex_eye_serum,,,,,,,,,,Octyldodecanol;Glycerin;Boron Nitride;Saccharomyces/Xylinum/Black Tea Ferment;Coconut Alkanes;Cetyl Alcohol;Cetearyl Olivate;Sorbitan Olivate;Niacinamide;Copper Tripeptide-1;Leontopodium Alpinum Meristem Cell Culture;Dipeptide-2;Palmitoyl Tripeptide-1;Palmitoyl Tetrapeptide-7;Copper Lysinate/Prolinate;Hesperidin Methyl Chalcone;Chondrus Crispus (Carrageenan);Mangifera Indica (Mango) Seed Butter;Glycine Soja (Soybean) Oil;Hippophae Rhamnoides Oil;Sclerocarya Birrea Seed Oil;Sodium Hyaluronate Crosspolymer;Hydroxyethylcellulose;Coco-Caprylate/Caprate;Steareth-20;Lecithin;Panthenol;N-Hydroxysuccinimide;Ubiquinone;Citric Acid;Thioctic Acid;Tocopherol;Chrysin;Sclerotium Gum;Methylglucoside Phosphate;Xanthan Gum;Potassium Sorbate;Sodium Benzoate;Chlorphenesin;Caprylyl Glycol;Sodium Hydroxide;Phenoxyethanol;Pentylene Glycol;Ethylhexylglycerin,1.0,329.0,38957.0,3.7812,0.5,,120.0,1.15,0.84,eye care,nan
Eye cream,CLINIQUE,All About Eyes™ Rich,32,4.2,"Water , Butyrospermum Parkii (Shea Butter) , Cetearyl Alcohol , Butylene Glycol , Hydrogenated Polyisobutene , Phenyl Trimethicone , Polyglyceryl-3 Beeswax , Polybutene , Sucrose , Cetyl Esters , Polymethyl Methacrylate , Isostearyl Neopentanoate , Glycerin , Cetearyl Glucoside , Tocopheryl Acetate , Triticum Vulgare (Wheat) Germ Extract , Hordeum Vulgare (Barley) Extract/Extrait D'Orge , Sigesbeckia Orientalis (St. Paul'S Wort) Extract , Peg-100 Stearate , Coleus Barbatus Extract , Betula Alba (Birch) Extract , Polysilicone-11 , Methyl Glucose Sesquistearate , Camellia Sinensis (Green Tea) Leaf Extract , Salvia Officinalis (Sage) Leaf , Glyceryl Polymethacrylate , Yeast Extract/Faex/Extrait De Levure , Gentiana Lutea (Gentian) Root Extract , Stearic Acid , Milk Protein/Lactis Proteinum/Proteine Du Lait , Whey Protein/Lactis Protein/Proteine Du Petit-Lait , Palmitoyl Oligopeptide , Squalane , Magnesium Ascorbyl Phosphate , Cholesterol , Caffeine , Peg-8 , Phytosphingosine , Acrylates/C10-30 Alkyl Acrylate Crosspolymer , Aminomethyl Propanol , Dimethicone , Isomerized Linoleic Acid , Linoleic Acid , Sodium Hyaluronate , 1,2 Hexanediol , Decarboxy Carnosine Hcl , Potassium Sulfate , Caprylyl Glycol , Disodium Edta , Sodium Dehydroacetate , Phenoxyethanol , Yellow 5 (Ci 19140) , Mica , Iron Oxides (Ci 77491, Ci 77492, Ci 77499) , Titanium Dioxide (Ci 77891)",1,1,1,1,1,all_about_eyes_rich,clinique,eye_cream,clinique_all_about_eyes_rich,,,,,,,,,,"Butyrospermum Parkii (Shea Butter);Cetearyl Alcohol;Butylene Glycol;Hydrogenated Polyisobutene;Phenyl Trimethicone;Polyglyceryl-3 Beeswax;Polybutene;Sucrose;Cetyl Esters;Polymethyl Methacrylate;Isostearyl Neopentanoate;Glycerin;Cetearyl Glucoside;Tocopheryl Acetate;Triticum Vulgare (Wheat) Germ Extract;Hordeum Vulgare (Barley) Extract/Extrait D'Orge;Sigesbeckia Orientalis (St, Paul'S Wort) Extract;Peg-100 Stearate;Coleus Barbatus Extract;Betula Alba (Birch) Extract;Polysilicone-11;Methyl Glucose Sesquistearate;Camellia Sinensis (Green Tea) Leaf Extract;Salvia Officinalis (Sage) Leaf;Glyceryl Polymethacrylate;Yeast Extract/Faex/Extrait De Levure;Gentiana Lutea (Gentian) Root Extract;Stearic Acid;Milk Protein/Lactis Proteinum/Proteine Du Lait;Whey Protein/Lactis Protein/Proteine Du Petit-Lait;Palmitoyl Oligopeptide;Squalane;Magnesium Ascorbyl Phosphate;Cholesterol;Caffeine;Peg-8;Phytosphingosine;Acrylates/C10-30 Alkyl Acrylate Crosspolymer;Aminomethyl Propanol;Dimethicone;Isomerized Linoleic Acid;Linoleic Acid;Sodium Hyaluronate;1;2 Hexanediol;Decarboxy Carnosine Hcl;Potassium Sulfate;Caprylyl Glycol;Disodium Edta;Sodium Dehydroacetate;Phenoxyethanol;Yellow 5 (Ci 19140);Mica;Iron Oxides (Ci 77491;Ci 77492;Ci 77499);Titanium Dioxide (Ci 77891)",0.0,1000.0,48002.0,4.1588,0.5,,65.0,0.42,2.08,eye care,nan
Eye cream,SATURDAY SKIN,Wide Awake Brightening Eye Cream,46,4.5,"Water, Glycerin, Butylene Glycol, Cyclopentasiloxane, Trehalose, Pentylene Glycol, Polyglycerin-3, Pyrus Malus (Apple ) Seed Oil, 1,2-Hexanediol, Pyrus Malus (Apple) Fruit Water, Citrus Limon (Lemon) Peel Oil, Juniperus Mexicana Oil, Citrus Aurantium Dulcis (Orange) Peel Oil, Citrus Grandis (Grapefruit) Peel Oil, Eucalyptus Globulus Leaf Oil, Lavandula Angustifolia (Lavender) Oil, Rosmarinus Officinalis (Rosemary) Leaf Oil, Phoenix Dactylifera (Date) Seed, Hydrolyzed Avocado Protein, Dipentaerythrityl Hexa C5-9 Acid Esters, Cyclohexasiloxane, Glyceryl Stearate, Hydroxyethyl Acrylate/Sodium Acryloyldimethyl Taurate Copolymer, PEG-100 Stearate, Dimethicone/Vinyl Dimethicone Crosspolymer, Propanediol, Acrylates/C10-30 Alkyl Acrylate Crosspolymer, PEG-11 Methyl Ether Dimethicone, Tromethamine, PEG/PPG-19/19 Dimethicone, Hydrogenated Lecithin, Ascorbic Acid, Cholesterol, PEG-800, Polysorbate 20, Maltodextrin, Saccharide Hydrolysate, Polyglutamic Acid, Sodium Hyaluronate, sh-Oligopeptide-1, sh-Polypeptide-1, sh-Oligopeptide-2, sh-Polypeptide-22, sh-Polypeptide-45, sh-Polypeptide-8, sh-Polypeptide-9, Cetearyl Alcohol, Xanthan Gum, Disodium EDTA.",1,1,1,1,1,wide_awake_brightening_eye_cream,saturday_skin,eye_cream,saturday_skin_wide_awake_brightening_eye_cream,0.0,387.0,28781.0,4.3178,1.01,Eye Care,45.54,1.12,1.34,"Glycerin;Butylene Glycol;Cyclopentasiloxane;Trehalose;Pentylene Glycol;Polyglycerin-3;Pyrus Malus (Apple ) Seed Oil;1,2-Hexanediol;Pyrus Malus (Apple) Fruit Water;Citrus Limon (Lemon) Peel Oil;Juniperus Mexicana Oil;Citrus Aurantium Dulcis (Orange) Peel Oil;Citrus Grandis (Grapefruit) Peel Oil;Eucalyptus Globulus Leaf Oil;Lavandula Angustifolia (Lavender) Oil;Rosmarinus Officinalis (Rosemary) Leaf Oil;Phoenix Dactylifera (Date) Seed;Hydrolyzed Avocado Protein;Dipentaerythrityl Hexa C5-9 Acid Esters;Cyclohexasiloxane;Glyceryl Stearate;Hydroxyethyl Acrylate/Sodium Acryloyldimethyl Taurate Copolymer;PEG-100 Stearate;Dimethicone/Vinyl Dimethicone Crosspolymer;Propanediol;Acrylates/C10-30 Alkyl Acrylate Crosspolymer;PEG-11 Methyl Ether Dimethicone;Tromethamine;PEG/PPG-19/19 Dimethicone;Hydrogenated Lecithin;Ascorbic Acid;Cholesterol;PEG-800;Polysorbate 20;Maltodextrin;Saccharide Hydrolysate;Polyglutamic Acid;Sodium Hyaluronate;sh-Oligopeptide-1;sh-Polypeptide-1;sh-Oligopeptide-2;sh-Polypeptide-22;sh-Polypeptide-45;sh-Polypeptide-8;sh-Polypeptide-9;Cetearyl Alcohol;Xanthan Gum;Disodium EDTA,",0.0,387.0,28781.0,4.3178,1.01,Eye Care,45.54,1.12,1.34,eye care,Very High (26k - 193k)
Eye cream,IT COSMETICS,"Bye Bye Under Eye Eye Cream™ Smooths, Brightens, Depuffs",48,3.7,"Water, Cyclopentasiloxane, Butylene Glycol, Butyrospermum Parkii (Shea) Butter, Dimethicone, Niacinamide, Cetearyl Alcohol, Peg-40 Stearate, Palmitic Acid, Stearic Acid, Polysorbate 60, Macadamia Ternifolia Seed Oil, Cetyl Ethylhexanoate, Glyceryl Stearate, Glycerin, Acrylates/C10-30 Alkyl Acrylate Crosspolymer, Carbomer, Sodium Hyaluronate, Acetyl Hexapeptide-8, Copper Gluconate, Collagen, Tea-Cocoyl Glutamate, Palmitoyl Pentapeptide-4, Copper Tripeptide-1, Biotin, Caffeine, Magnesium Aspartate, Zinc Gluconate, Sodium Ascorbyl Phosphate, Sodium Lauroyl Lactylate, Ceramide Np, Ceramide Ap, Phytosphingosine, Cholesterol, Xanthan Gum, Ceramide Eop, Retinol, Tocopheryl Acetate, Ascorbic Acid, Aloe Barbadensis Leaf Extract, Anthemis Nobilis Flower Extract, Curcuma Longa (Turmeric) Root Extract, Squalane, Spirulina Platensis Extract, Algae Extract, Cucumis Sativus (Cucumber) Fruit Extract, Colloidal Oatmeal, Propylene Glycol, Glycyrrhiza Glabra (Licorice) Root Extract, Camellia Sinensis Leaf Extract, Lecithin, Caprylic/Capric Triglyceride, Creatine, Simmondsia Chinensis (Jojoba) Seed Oil, Vaccinium Angustifolium (Blueberry) Fruit Extract, Sea Water, Panthenol, Polyglutamic Acid, Methionine, Lysine, Leucine, Histidine, Isoleucine, Arginine, Disodium EDTA, Polyacrylate-13, Polyisobutene, Polysorbate 20, Sorbitan Isostearate, Tromethamine, Sorbitan Stearate, Benzophenone-5, Cholesteryl Nonanoate, Cholesteryl Isostearate, Cholesteryl Chloride, Phenylalanine, Threonine, Valine, Saccharide Isomerate, Tryptophan, Elaeis Guineensis (Palm) Butter, Sorbitol, Polysilicone-11, Dimethicone/Vinyl Dimethicone Crosspolymer, Phenyl Trimethicone, Citric Acid, Alcohol, Phenoxyethanol, Caprylyl Glycol, Ethylhexylglycerin, Chlorphenesin, Potassium Sorbate, Blue No. 1 (Ci 42090).",1,1,1,1,1,"bye_bye_under_eye_eye_cream_smooths,_brightens,_depuffs",it_cosmetics,eye_cream,"it_cosmetics_bye_bye_under_eye_eye_cream_smooths,_brightens,_depuffs",,,,,,,,,,"Cyclopentasiloxane;Butylene Glycol;Butyrospermum Parkii (Shea) Butter;Dimethicone;Niacinamide;Cetearyl Alcohol;Peg-40 Stearate;Palmitic Acid;Stearic Acid;Polysorbate 60;Macadamia Ternifolia Seed Oil;Cetyl Ethylhexanoate;Glyceryl Stearate;Glycerin;Acrylates/C10-30 Alkyl Acrylate Crosspolymer;Carbomer;Sodium Hyaluronate;Acetyl Hexapeptide-8;Copper Gluconate;Collagen;Tea-Cocoyl Glutamate;Palmitoyl Pentapeptide-4;Copper Tripeptide-1;Biotin;Caffeine;Magnesium Aspartate;Zinc Gluconate;Sodium Ascorbyl Phosphate;Sodium Lauroyl Lactylate;Ceramide Np;Ceramide Ap;Phytosphingosine;Cholesterol;Xanthan Gum;Ceramide Eop;Retinol;Tocopheryl Acetate;Ascorbic Acid;Aloe Barbadensis Leaf Extract;Anthemis Nobilis Flower Extract;Curcuma Longa (Turmeric) Root Extract;Squalane;Spirulina Platensis Extract;Algae Extract;Cucumis Sativus (Cucumber) Fruit Extract;Colloidal Oatmeal;Propylene Glycol;Glycyrrhiza Glabra (Licorice) Root Extract;Camellia Sinensis Leaf Extract;Lecithin;Caprylic/Capric Triglyceride;Creatine;Simmondsia Chinensis (Jojoba) Seed Oil;Vaccinium Angustifolium (Blueberry) Fruit Extract;Sea Water;Panthenol;Polyglutamic Acid;Methionine;Lysine;Leucine;Histidine;Isoleucine;Arginine;Disodium EDTA;Polyacrylate-13;Polyisobutene;Polysorbate 20;Sorbitan Isostearate;Tromethamine;Sorbitan Stearate;Benzophenone-5;Cholesteryl Nonanoate;Cholesteryl Isostearate;Cholesteryl Chloride;Phenylalanine;Threonine;Valine;Saccharide Isomerate;Tryptophan;Elaeis Guineensis (Palm) Butter;Sorbitol;Polysilicone-11;Dimethicone/Vinyl Dimethicone Crosspolymer;Phenyl Trimethicone;Citric Acid;Alcohol;Phenoxyethanol;Caprylyl Glycol;Ethylhexylglycerin;Chlorphenesin;Potassium Sorbate;Blue No, 1 (Ci 42090),",,,,,,,,,,eye care,nan
Eye cream,SK-II,R.N.A. POWER Anti-Aging Eye Cream,135,4.3,"Water, Glycerin, Galactomyces Ferment Filtrate*, Niacinamide, Isohexadecane, Butylene Glycol Pentylene Glycol, Isopropyl Isostearate, Petrolatum, Dimethicone, Caprylic/Capric Triglyceride, Vinyl Dimethicone/ Methicone Silsesquioxane Crosspolymer, Polyacrylamide, Phytosteryl/Behenyl/ Octyldodecyl Lauroyl Glutamate, Stearyl Alcohol, Cetyl Alcohol, C13-14 Isoparaffin, Behenyl Alcohol Tocopheryl Acetate, Polymethylsilsesquioxane, Panthenol, Nylon- 12, Benzyl Alcohol, Dimenthiconol, Methylparaben, Peg-100 Stearate, Laureth- 7, Cetearyl Glucoside, Cetearyl Alcohol, Stearic Acid, Mica, Disodium Edta, Propylparaben, Sodium Peg-7 Olive Oil Carboxylate, Ethylparaben, Peg-7 Glyceryl Cocoate, Chlorella Vulgaris Extract, Sodium Hydroxide, Hydrolyzed Lupine Protein, Decyl Glucoside, Medicago Sativa Extract/ Medicago Sativa (Alfalfa) Extract, Phenoxyethanol, Lactic Acid, Sodium Benzoate, Hydrolyzed Soy Protein, Polyquaternium-7, Tin Oxide, Ethylhexylglycerin, Palmitoyl Dipeptide- 7, Hydrolyzed Yeast Protein, Acanthopanax Senticosus Root Extract/ Acanthopanax Senticosus (Eleuthero) Root Extract, Palmitoyl Pentapeptide-4, Methylsilanol Tri-Peg-8 Glyceryl Cocoate, Ammonium Polyacrylate, Methicone, Tocopherol, Cynara Scolymus Leaf Extract/ Cynara Scolymus (Artichoke) Leaf Extract, Bht, Parfum (Fragance), Limonene, Linalool, Ci 77891 (Titanium Dioxide, Cl 77492 (Iron Oxides). *Pitera™.",1,1,1,1,1,r.n.a._power_anti_aging_eye_cream,sk_ii,eye_cream,sk_ii_r.n.a._power_anti_aging_eye_cream,0.0,136.0,8916.0,4.2279,0.4,Eye Care,337.5,3.11,1.53,"Glycerin;Galactomyces Ferment Filtrate*;Niacinamide;Isohexadecane;Butylene Glycol Pentylene Glycol;Isopropyl Isostearate;Petrolatum;Dimethicone;Caprylic/Capric Triglyceride;Vinyl Dimethicone/ Methicone Silsesquioxane Crosspolymer;Polyacrylamide;Phytosteryl/Behenyl/ Octyldodecyl Lauroyl Glutamate;Stearyl Alcohol;Cetyl Alcohol;C13-14 Isoparaffin;Behenyl Alcohol Tocopheryl Acetate;Polymethylsilsesquioxane;Panthenol;Nylon- 12;Benzyl Alcohol;Dimenthiconol;Methylparaben;Peg-100 Stearate;Laureth- 7;Cetearyl Glucoside;Cetearyl Alcohol;Stearic Acid;Mica;Disodium Edta;Propylparaben;Sodium Peg-7 Olive Oil Carboxylate;Ethylparaben;Peg-7 Glyceryl Cocoate;Chlorella Vulgaris Extract;Sodium Hydroxide;Hydrolyzed Lupine Protein;Decyl Glucoside;Medicago Sativa Extract/ Medicago Sativa (Alfalfa) Extract;Phenoxyethanol;Lactic Acid;Sodium Benzoate;Hydrolyzed Soy Protein;Polyquaternium-7;Tin Oxide;Ethylhexylglycerin;Palmitoyl Dipeptide- 7;Hydrolyzed Yeast Protein;Acanthopanax Senticosus Root Extract/ Acanthopanax Senticosus (Eleuthero) Root Extract;Palmitoyl Pentapeptide-4;Methylsilanol Tri-Peg-8 Glyceryl Cocoate;Ammonium Polyacrylate;Methicone;Tocopherol;Cynara Scolymus Leaf Extract/ Cynara Scolymus (Artichoke) Leaf Extract;Bht;Parfum (Fragance);Limonene;Linalool;Ci 77891 (Titanium Dioxide;Cl 77492 (Iron Oxides), *Pitera™,",0.0,136.0,8916.0,4.2279,0.4,Eye Care,337.5,3.11,1.53,eye care,Medium (7k - 13k)
Eye cream,DR. DENNIS GROSS SKINCARE,Ferulic + Retinol Triple Correction Eye Serum,69,3.8,"Water, Propylene Glycol, Ethoxydiglycol, Centella Asiatica Extract, Glycyrrhiza Glabra (Licorice) Root Extract, Ferulic Acid, Retinol, Potassium Azeloyl Diglycinate, Arctostaphylos Uva Ursi Leaf Extract, Arbutin, Morus Nigra Fruit Extract, Salix Alba (Willow) Bark Extract, Quercetin, Caffeine, Ubiquinone, Sodium Hyaluronate, Salicylic Acid, Glycolic Acid, Mandelic Acid, Panthenol, Butylene Glycol, Glycerin, Disodium Lauriminodipropionate Tocopheryl Phosphates, Lecithin, Tetrapeptide-21, Acrylates/Carbamate Copolymer, Disodium EDTA, PVM/MA Decadiene Crosspolymer, Urea, Polysorbate 20, BHT, Potassium Hydroxide, Phenoxyethanol, Iron Oxides (CI 77491, CI 77492, CI77499).",1,1,1,1,1,ferulic_retinol_triple_correction_eye_serum,dr._dennis_gross_skincare,eye_cream,dr._dennis_gross_skincare_ferulic_retinol_triple_correction_eye_serum,0.0,335.0,28043.0,3.8209,0.5,Eye Care,138.0,1.14,1.19,"Propylene Glycol;Ethoxydiglycol;Centella Asiatica Extract;Glycyrrhiza Glabra (Licorice) Root Extract;Ferulic Acid;Retinol;Potassium Azeloyl Diglycinate;Arctostaphylos Uva Ursi Leaf Extract;Arbutin;Morus Nigra Fruit Extract;Salix Alba (Willow) Bark Extract;Quercetin;Caffeine;Ubiquinone;Sodium Hyaluronate;Salicylic Acid;Glycolic Acid;Mandelic Acid;Panthenol;Butylene Glycol;Glycerin;Disodium Lauriminodipropionate Tocopheryl Phosphates;Lecithin;Tetrapeptide-21;Acrylates/Carbamate Copolymer;Disodium EDTA;PVM/MA Decadiene Crosspolymer;Urea;Polysorbate 20;BHT;Potassium Hydroxide;Phenoxyethanol;Iron Oxides (CI 77491;CI 77492;CI77499),",0.0,335.0,28043.0,3.8209,0.5,Eye Care,138.0,1.14,1.19,eye care,Very High (26k - 193k)
Eye cream,BIOSSANCE,Squalane + Peptide Eye Gel,54,3.8,"Water, Aloe Barbadensis Leaf Juice*, Squalane (Material), Niacinamide, Glycerin, Panthenol, Algae Extract, Malus Domestica Fruit Cell Culture Extract, Acetyl Tetrapeptide-5, Acetyl Hexapeptide-8, Tocopherol, Pentylene Glycol, Cucumis Sativus (Cucumber) Fruit Extract, Tetrahexyldecyl Ascorbate, Camellia Sinensis Leaf Extract, Lycium Barbarum (Go Ji) Fruit Extract, Lycopene, Vitis Vinifera (Grape) Skin Extract, Sodium Hyaluronate, Caffeine, Acacia Senegal Gum, Dimethicone CrossPolymer, Carbomer, Lauric Arginate, Ammonium Acryloyldimethyltaurate/VP Copolymer, Silica, Potassium Sorbate, Caprylyl Glycol.",1,1,1,1,1,squalane_peptide_eye_gel,biossance,eye_cream,biossance_squalane_peptide_eye_gel,1.0,322.0,31117.0,3.7484,0.5,Eye Care,108.0,1.16,1.03,"Aloe Barbadensis Leaf Juice*;Squalane (Material);Niacinamide;Glycerin;Panthenol;Algae Extract;Malus Domestica Fruit Cell Culture Extract;Acetyl Tetrapeptide-5;Acetyl Hexapeptide-8;Tocopherol;Pentylene Glycol;Cucumis Sativus (Cucumber) Fruit Extract;Tetrahexyldecyl Ascorbate;Camellia Sinensis Leaf Extract;Lycium Barbarum (Go Ji) Fruit Extract;Lycopene;Vitis Vinifera (Grape) Skin Extract;Sodium Hyaluronate;Caffeine;Acacia Senegal Gum;Dimethicone CrossPolymer;Carbomer;Lauric Arginate;Ammonium Acryloyldimethyltaurate/VP Copolymer;Silica;Potassium Sorbate;Caprylyl Glycol,",1.0,322.0,31117.0,3.7484,0.5,Eye Care,108.0,1.16,1.03,eye care,Very High (26k - 193k)
Eye cream,LANCÔME,Advanced Génifique Yeux Light-Pearl™ Eye Illuminator Youth Activating Concentrate,69,3.6,"Water, Bifida Ferment Lysate, Propanediol, Glycerin, Alcohol Denat., Dimethicone, C13-14 Isoparaffin, Escin, Tocopheryl Acetate, Sodium Benzoate, Phenoxyethanol, Adenosine, Caffeine, Polyacrylamide, Chlorphenesin, Polymethylsilsesquioxane, Chlorella Vulgaris Extract, Salicyloyl Phytosphingosine, Dimethicone/Vinyl Dimethicone Crosspolymer, Ammonium Polyacryldimethyltauramide, Ammonium Polyacryloyldimethyl Taurate, Dimethiconol, Pentaerythrityl Tetraethylhexanoate, Xanthan Gum, Caprylic/Capric Triglyceride, Bis-Peg/Ppg-16/16 Peg/Ppg-16/16 Dimethicone, Bht, Laureth-7.",1,1,1,1,1,advanced_génifique_yeux_light_pearl_eye_illuminator_youth_activating_concentrate,lancôme,eye_cream,lancôme_advanced_génifique_yeux_light_pearl_eye_illuminator_youth_activating_concentrate,,,,,,,,,,"Bifida Ferment Lysate;Propanediol;Glycerin;Alcohol Denat,;Dimethicone;C13-14 Isoparaffin;Escin;Tocopheryl Acetate;Sodium Benzoate;Phenoxyethanol;Adenosine;Caffeine;Polyacrylamide;Chlorphenesin;Polymethylsilsesquioxane;Chlorella Vulgaris Extract;Salicyloyl Phytosphingosine;Dimethicone/Vinyl Dimethicone Crosspolymer;Ammonium Polyacryldimethyltauramide;Ammonium Polyacryloyldimethyl Taurate;Dimethiconol;Pentaerythrityl Tetraethylhexanoate;Xanthan Gum;Caprylic/Capric Triglyceride;Bis-Peg/Ppg-16/16 Peg/Ppg-16/16 Dimethicone;Bht;Laureth-7,",0.0,117.0,9464.0,3.641,0.67,,102.99,3.11,1.24,eye care,nan
Eye cream,PETER THOMAS ROTH,Water Drench Hyaluronic Cloud Hydra-Gel Eye Patches,52,4.4,"Water, Glycerin, Butylene Glycol, Sodium Hyaluronate, Hydrolyzed Collagen, Caffeine, Ceramide Np, Arnica Montana Flower Extract, Althaea Officinalis Root Extract, Allantoin, Tocopherol, Hydrolyzed Sodium Hyaluronate, Butyrospermum Parkii (Shea) Butter, Glycyrrhiza Glabra (Licorice) Root Extract, Scutellaria Baicalensis Root Extract, Angelica Gigas Root Extract, Cimicifuga Racemosa Root Extract, Morus Alba Bark Extract, Paeonia Lactiflora Root Extract, Phellinus Linteus Extract, Polygonum Multiflorum Root Extract, Sesamum Indicum (Sesame) Seed Extract, Sophora Angustifolia Root Extract, Aloe Barbadensis Leaf Juice, Ricinus Communis (Castor) Seed Oil, Amorphophallus Konjac Root Powder, Carrageenan, Hydroxyacetophenone, Hexylene Glycol, Propanediol, Xylitylglucoside, Sucrose, Anhydroxylitol, Glyceryl Caprylate, Xylitol, Betaine, Ethylhexylglycerin, Glucose, Lecithin, Maltodextrin, Magnesium Aspartate, Zinc Gluconate, Aluminum Hydroxide, Copper Gluconate, PEG-60 Hydrogenated Castor Oil, Gellan Gum, Cyamopsis Tetragonoloba (Guar) Gum, Ceratonia Siliqua Gum, Calcium Chloride, Tin Oxide, Synthetic Fluorphlogopite, Bis(Glycidoxyphenyl)Propane/Bisaminomethylnorbornane Copolymer, Caprylhydroxamic Acid, Disodium EDTA, 1,2-Hexanediol, Ethyl Hexanediol Chlorphenesin, Phenoxyethanol, Mica, Blue 1 (Ci 42090), Titanium Dioxide (Ci 77891), Iron Oxides (Ci 77491).",1,1,1,1,1,water_drench_hyaluronic_cloud_hydra_gel_eye_patches,peter_thomas_roth,eye_cream,peter_thomas_roth_water_drench_hyaluronic_cloud_hydra_gel_eye_patches,0.0,140.0,20762.0,4.3143,,Eye Care,,3.08,0.67,"Glycerin;Butylene Glycol;Sodium Hyaluronate;Hydrolyzed Collagen;Caffeine;Ceramide Np;Arnica Montana Flower Extract;Althaea Officinalis Root Extract;Allantoin;Tocopherol;Hydrolyzed Sodium Hyaluronate;Butyrospermum Parkii (Shea) Butter;Glycyrrhiza Glabra (Licorice) Root Extract;Scutellaria Baicalensis Root Extract;Angelica Gigas Root Extract;Cimicifuga Racemosa Root Extract;Morus Alba Bark Extract;Paeonia Lactiflora Root Extract;Phellinus Linteus Extract;Polygonum Multiflorum Root Extract;Sesamum Indicum (Sesame) Seed Extract;Sophora Angustifolia Root Extract;Aloe Barbadensis Leaf Juice;Ricinus Communis (Castor) Seed Oil;Amorphophallus Konjac Root Powder;Carrageenan;Hydroxyacetophenone;Hexylene Glycol;Propanediol;Xylitylglucoside;Sucrose;Anhydroxylitol;Glyceryl Caprylate;Xylitol;Betaine;Ethylhexylglycerin;Glucose;Lecithin;Maltodextrin;Magnesium Aspartate;Zinc Gluconate;Aluminum Hydroxide;Copper Gluconate;PEG-60 Hydrogenated Castor Oil;Gellan Gum;Cyamopsis Tetragonoloba (Guar) Gum;Ceratonia Siliqua Gum;Calcium Chloride;Tin Oxide;Synthetic Fluorphlogopite;Bis(Glycidoxyphenyl)Propane/Bisaminomethylnorbornane Copolymer;Caprylhydroxamic Acid;Disodium EDTA;1,2-Hexanediol;Ethyl Hexanediol Chlorphenesin;Phenoxyethanol;Mica;Blue 1 (Ci 42090);Titanium Dioxide (Ci 77891);Iron Oxides (Ci 77491),",0.0,140.0,20762.0,4.3143,,Eye Care,,3.08,0.67,eye care,High (13k - 26k)
Eye cream,ALGENIST,Complete Eye Renewal Balm,68,4.0,"Water, Stearic Acid, Isopropyl Isostearate, Glycerin, Dimethicone, Pentylene Glycol, Glyceryl Stearate SE, Dimethicone Crosspolymer, Butyrospermum Parkii (Shea) Butter, Cetearyl Alcohol, Undaria Pinnatifida Extract, Limnanthes Alba (Meadowfoam) Seed Oil, Algae Exopolysacharides, Alaria Esculenta Extract, Bambusa Vulgaris (Bamboo) Leaf/Stem Extract, Aloe Barbadensis Leaf Juice, Aloe Barbadensis Leaf Juice Powder, Camellia Sinensis (Green Tea) Leaf Extract, Cucumis Sativus (Cucumber) Fruit Extract, Tocopheryl Acetate, Caffeine, Tetrapeptide-21, Dipeptide-2, Palmitoyl Tetrapeptide-7, Palmitoyl Oligopeptide, Magnesium Ascorbyl Phosphate, Malus Domestica Fruit (Apple) Cell Culture Extract, Rubus Idaeus (Raspberry) Leaf Extract, Glucosamine HCL, Pisum Sativum (Pea) Extract, Inula Crithmoide Extract, Phospholipids, N-Hydroxysuccinimide, Chrysin, Hesperidin Methyl Chalcone, Lecithin, Caprylic/Capric Triglyceride, Vinyl Dimethicone/Methicone Silsesquioxane Crosspolymer, Acrylates/C10-30 Alkyl Acrylate Crosspolymer, Steareth-20, Ceteareth-20, Butylene Glycol, Xanthan Gum, Disodium EDTA, Aminomethyl Propanol, Potassium Sorbate, Chlorhexidine Digluconate, Caprylyl Glycol, Hexylene Glycol, Ethylhexylglycerin, Phenoxyethanol.",1,1,1,1,1,complete_eye_renewal_balm,algenist,eye_cream,algenist_complete_eye_renewal_balm,0.0,821.0,24272.0,3.9647,0.5,Eye Care,136.0,0.48,3.38,"Stearic Acid;Isopropyl Isostearate;Glycerin;Dimethicone;Pentylene Glycol;Glyceryl Stearate SE;Dimethicone Crosspolymer;Butyrospermum Parkii (Shea) Butter;Cetearyl Alcohol;Undaria Pinnatifida Extract;Limnanthes Alba (Meadowfoam) Seed Oil;Algae Exopolysacharides;Alaria Esculenta Extract;Bambusa Vulgaris (Bamboo) Leaf/Stem Extract;Aloe Barbadensis Leaf Juice;Aloe Barbadensis Leaf Juice Powder;Camellia Sinensis (Green Tea) Leaf Extract;Cucumis Sativus (Cucumber) Fruit Extract;Tocopheryl Acetate;Caffeine;Tetrapeptide-21;Dipeptide-2;Palmitoyl Tetrapeptide-7;Palmitoyl Oligopeptide;Magnesium Ascorbyl Phosphate;Malus Domestica Fruit (Apple) Cell Culture Extract;Rubus Idaeus (Raspberry) Leaf Extract;Glucosamine HCL;Pisum Sativum (Pea) Extract;Inula Crithmoide Extract;Phospholipids;N-Hydroxysuccinimide;Chrysin;Hesperidin Methyl Chalcone;Lecithin;Caprylic/Capric Triglyceride;Vinyl Dimethicone/Methicone Silsesquioxane Crosspolymer;Acrylates/C10-30 Alkyl Acrylate Crosspolymer;Steareth-20;Ceteareth-20;Butylene Glycol;Xanthan Gum;Disodium EDTA;Aminomethyl Propanol;Potassium Sorbate;Chlorhexidine Digluconate;Caprylyl Glycol;Hexylene Glycol;Ethylhexylglycerin;Phenoxyethanol,",0.0,821.0,24272.0,3.9647,0.5,Eye Care,136.0,0.48,3.38,eye care,High (13k - 26k)
Eye cream,KIEHL'S SINCE 1851,Midnight Recovery Eye,37,3.9,"Water, Helianthus Annuus Seed Oil, Sunflower Seed Oil, Simmondsia Chinensis Oil, Jojoba Seed Oil, Prunus Armeniaca Kernel Oil, Apricot Kernel Oil, Squalane, Alcohol Denat., Cetearyl Alcohol, Glyceryl Stearate, Stearyl Alcohol, Cetearyl Glucoside, Oenothera Biennis Oil, Evening Primrose Oil, Butyrospermum Parkii Butter, Shea Butter, Lithium Magnesium Sodium Silicate, Phenoxyethanol, Chlorphenesin, Xanthan Gum, Ruscus Aculeatus Extract, Ruscus Aculeatus Root Extract, Aloe Barbadensis, Aloe Barbadensis Leaf Juice Powder, Tocopherol, Lavandula Angustifolia Oil, Lavender Oil, Adenosine, Rosmarinus Officinalis Leaf Oil, Rosemary Leaf Oil, Pelargonium Graveolens Flower Oil, Citronellol, Lavandula Hybrida Oil, Geraniol, Linalool, Cucumis Sativus Extract, Cucumber Fruit Extract, Curcuma Longa Extract, Turmeric Root Extract, Sclareolide, Rosa Spp, Rose Flower Oil, Jasminum Officinale Extract, Jasmine Extract.",1,1,1,1,1,midnight_recovery_eye,kiehl's_since_1851,eye_cream,kiehl's_since_1851_midnight_recovery_eye,0.0,179.0,29335.0,3.8045,0.5,Eye Care,74.0,2.13,0.61,"Helianthus Annuus Seed Oil;Sunflower Seed Oil;Simmondsia Chinensis Oil;Jojoba Seed Oil;Prunus Armeniaca Kernel Oil;Apricot Kernel Oil;Squalane;Alcohol Denat,;Cetearyl Alcohol;Glyceryl Stearate;Stearyl Alcohol;Cetearyl Glucoside;Oenothera Biennis Oil;Evening Primrose Oil;Butyrospermum Parkii Butter;Shea Butter;Lithium Magnesium Sodium Silicate;Phenoxyethanol;Chlorphenesin;Xanthan Gum;Ruscus Aculeatus Extract;Ruscus Aculeatus Root Extract;Aloe Barbadensis;Aloe Barbadensis Leaf Juice Powder;Tocopherol;Lavandula Angustifolia Oil;Lavender Oil;Adenosine;Rosmarinus Officinalis Leaf Oil;Rosemary Leaf Oil;Pelargonium Graveolens Flower Oil;Citronellol;Lavandula Hybrida Oil;Geraniol;Linalool;Cucumis Sativus Extract;Cucumber Fruit Extract;Curcuma Longa Extract;Turmeric Root Extract;Sclareolide;Rosa Spp;Rose Flower Oil;Jasminum Officinale Extract;Jasmine Extract,",0.0,179.0,29335.0,3.8045,0.5,Eye Care,74.0,2.13,0.61,eye care,Very High (26k - 193k)
Eye cream,WANDER BEAUTY,Baggage Claim Gold Eye Masks,25,4.3,"Water, Glycerin, Butylene Glycol, 1,2-Hexanediol, Aloe Barbadensis Leaf Juice, Xanthan Gum, Polyglyceryl-4 Caprate, Panthenol, Hydroxyethylcellulose, Portulaca Oleracea Extract, Calendula Officinalis Flower Extract, Myrciaria Dubia Fruit Extract, Butyrospermum Parkii (Shea) Butter, Ethylhexylglycerin, Disodium EDTA, Scutellaria Baicalensis Root Extract, Glyceryl Caprylate, Sodium hyaluronate, Tocopheryl Acetate, Simmondsia Chinensis (Jojoba) Seed Oil, Lavandula Angustifolia (Lavender) Oil , Lecithin, Cyclopentasiloxane, Hydrogenated Lecithin, Natto Gum, Glycine, Serine, Glutamic Acid, Beta-glucan, Aspartic Acid, Leucine, Alanine, Lysine, Arginine, Tyrosine, Phenylalanine, Threonine, Proline, Valine, Isoleucine, Histidine, Methionine, Cysteine, Acetyl Hexapeptide-8, Copper Tripeptide-1.",1,1,1,1,1,baggage_claim_gold_eye_masks,wander_beauty,eye_cream,wander_beauty_baggage_claim_gold_eye_masks,0.0,214.0,16793.0,3.9252,,Eye Care,,1.83,1.27,"Glycerin;Butylene Glycol;1,2-Hexanediol;Aloe Barbadensis Leaf Juice;Xanthan Gum;Polyglyceryl-4 Caprate;Panthenol;Hydroxyethylcellulose;Portulaca Oleracea Extract;Calendula Officinalis Flower Extract;Myrciaria Dubia Fruit Extract;Butyrospermum Parkii (Shea) Butter;Ethylhexylglycerin;Disodium EDTA;Scutellaria Baicalensis Root Extract;Glyceryl Caprylate;Sodium hyaluronate;Tocopheryl Acetate;Simmondsia Chinensis (Jojoba) Seed Oil;Lavandula Angustifolia (Lavender) Oil;Lecithin;Cyclopentasiloxane;Hydrogenated Lecithin;Natto Gum;Glycine;Serine;Glutamic Acid;Beta-glucan;Aspartic Acid;Leucine;Alanine;Lysine;Arginine;Tyrosine;Phenylalanine;Threonine;Proline;Valine;Isoleucine;Histidine;Methionine;Cysteine;Acetyl Hexapeptide-8;Copper Tripeptide-1,",0.0,214.0,16793.0,3.9252,,Eye Care,,1.83,1.27,eye care,High (13k - 26k)
Eye cream,LANEIGE,Eye Sleeping Mask,34,4.0,"Water, Butylene Glycol, Glycerin, Dimethicone, 1,2-Hexanediol, Hesperidin, Caffeine, Beta-Glucan, Saccharomyces Cerevisiae Extract, Chenopodium Quinoa Seed Extract, Magnesium Sulfate, Calcium Chloride, Manganese Sulfate, Zinc Sulfate, Ascorbyl Glucoside, Adenosine, Triethylhexanoin, Acrylates/C10-30 Alkyl Acrylate Crosspolymer, Ammonium Acryloyldimethyltaurate/Beheneth-25 Methacrylate Crosspolymer, Glyceryl Caprylate, Propanediol, Ethylhexylglycerin, Potassium Hydroxide, Peg-14m, Disodium Edta, Fragrance.",1,1,1,1,1,eye_sleeping_mask,laneige,eye_cream,laneige_eye_sleeping_mask,0.0,164.0,33105.0,3.9878,0.8,Eye Care,42.5,2.43,0.5,"Butylene Glycol;Glycerin;Dimethicone;1,2-Hexanediol;Hesperidin;Caffeine;Beta-Glucan;Saccharomyces Cerevisiae Extract;Chenopodium Quinoa Seed Extract;Magnesium Sulfate;Calcium Chloride;Manganese Sulfate;Zinc Sulfate;Ascorbyl Glucoside;Adenosine;Triethylhexanoin;Acrylates/C10-30 Alkyl Acrylate Crosspolymer;Ammonium Acryloyldimethyltaurate/Beheneth-25 Methacrylate Crosspolymer;Glyceryl Caprylate;Propanediol;Ethylhexylglycerin;Potassium Hydroxide;Peg-14m;Disodium Edta;Fragrance,",0.0,164.0,33105.0,3.9878,0.8,Eye Care,42.5,2.43,0.5,eye care,Very High (26k - 193k)
Eye cream,CLARINS,Super Restorative Total Eye Concentrate,85,4.2,"Water, Glycerin, Caprylic/Capric Triglyceride, Cetearyl Alcohol, Betaine, Hydrogenated Coco-Glycerides, Pentylene Glycol, Panthenol, Glyceryl Stearate, Peg-100 Stearate, Theobroma Grandiflorum Seed Butter, Cetearyl Glucoside, Albizia Julibrissin Bark Extract, Acacia Farnesiana Flower Wax, Caffeine, Steareth-21, Dimethicone, Phenoxyethanol, Carbomer, Ethylhexylglycerin, Tocopheryl Acetate, Mica, Polymethyl Methacrylate, Disodium Edta, Escin, Parfum/Fragrance, Ci 77891/Titanium Dioxide, Butylene Glycol, Dimethiconol, Sodium Hydroxide, Alcohol, Harungana Madagascariensis Extract, Olea Europaea (Olive) Fruit Extract, Paullinia Cupana Seed Extract, Sodium Benzoate, Acetyl Tetrapeptide-2, Dextran.",1,1,1,1,1,super_restorative_total_eye_concentrate,clarins,eye_cream,clarins_super_restorative_total_eye_concentrate,0.0,194.0,8092.0,4.2113,0.5,Eye Care,170.0,2.17,2.4,"Glycerin;Caprylic/Capric Triglyceride;Cetearyl Alcohol;Betaine;Hydrogenated Coco-Glycerides;Pentylene Glycol;Panthenol;Glyceryl Stearate;Peg-100 Stearate;Theobroma Grandiflorum Seed Butter;Cetearyl Glucoside;Albizia Julibrissin Bark Extract;Acacia Farnesiana Flower Wax;Caffeine;Steareth-21;Dimethicone;Phenoxyethanol;Carbomer;Ethylhexylglycerin;Tocopheryl Acetate;Mica;Polymethyl Methacrylate;Disodium Edta;Escin;Parfum/Fragrance;Ci 77891/Titanium Dioxide;Butylene Glycol;Dimethiconol;Sodium Hydroxide;Alcohol;Harungana Madagascariensis Extract;Olea Europaea (Olive) Fruit Extract;Paullinia Cupana Seed Extract;Sodium Benzoate;Acetyl Tetrapeptide-2;Dextran,",0.0,194.0,8092.0,4.2113,0.5,Eye Care,170.0,2.17,2.4,eye care,Medium (7k - 13k)
Eye cream,FRESH,Rose Hydrating Eye Gel Cream,41,4.2,"Water, Methyl Trimethicone, Glycerin, Propanediol, Polyglycerin-3, Squalane, Butylene Glycol, Dimethicone/Vinyl Di- methicone Crosspolymer, Hydroxyethyl Acrylate/So- dium Acryloyldimethyl Taurate Copolymer, Glyceryl Oleate Citrate, Dimethicone, Rosa Damascena Flower Water, Chlorella Vulgaris Extract, Rosa Dam- ascena Extract, Cucumis Sativus (Cucumber) Fruit Extract, Voandzeia Subterranea Seed Extract, Rhodi- ola Crenulata Root Extract, Rosa Damascena Flower Oil, Tocopheryl Acetate, Diphenylsiloxy Phenyl Trimethicone, Caprylic/Capric Triglyceride, Polox- amer 407, Dimethicone/Phenyl Vinyl Dimethicone Crosspolymer, PEG-6, Polysorbate 60, Sorbitan Isostearate, Xanthan Gum, Sodium Hyaluronate, Sodium Citrate, Citric Acid, Disodium Phosphate, Biosaccharide Gum-2, C12-14 Pareth-12, Sodium Benzoate, Potassium Sorbate, Phenoxyethanol, Caramel, Citronellol, Geraniol.",0,0,0,0,0,rose_hydrating_eye_gel_cream,fresh,eye_cream,fresh_rose_hydrating_eye_gel_cream,0.0,466.0,32171.0,4.2468,0.5,Eye Care,82.0,0.91,1.45,"Methyl Trimethicone;Glycerin;Propanediol;Polyglycerin-3;Squalane;Butylene Glycol;Dimethicone/Vinyl Di- methicone Crosspolymer;Hydroxyethyl Acrylate/So- dium Acryloyldimethyl Taurate Copolymer;Glyceryl Oleate Citrate;Dimethicone;Rosa Damascena Flower Water;Chlorella Vulgaris Extract;Rosa Dam- ascena Extract;Cucumis Sativus (Cucumber) Fruit Extract;Voandzeia Subterranea Seed Extract;Rhodi- ola Crenulata Root Extract;Rosa Damascena Flower Oil;Tocopheryl Acetate;Diphenylsiloxy Phenyl Trimethicone;Caprylic/Capric Triglyceride;Polox- amer 407;Dimethicone/Phenyl Vinyl Dimethicone Crosspolymer;PEG-6;Polysorbate 60;Sorbitan Isostearate;Xanthan Gum;Sodium Hyaluronate;Sodium Citrate;Citric Acid;Disodium Phosphate;Biosaccharide Gum-2;C12-14 Pareth-12;Sodium Benzoate;Potassium Sorbate;Phenoxyethanol;Caramel;Citronellol;Geraniol,",0.0,466.0,32171.0,4.2468,0.5,Eye Care,82.0,0.91,1.45,eye care,Very High (26k - 193k)
Eye cream,LA MER,The Lifting Eye Serum,255,3.5,"Declustered Water (-)/Aqua/Eau De-Structuree (-), Declustered Water (+)/Aqua/Eau De-Structuree (+), Propanediol, Glycerin, Algae (Seaweed) Extract, Prunus Amygdalus Dulcis (Sweet Almond) Seed Extract, Sesamum Indicum (Sesame) Seed Oil, Medicago Sativa (Alfalfa) Seed Powder, Helianthus Annuus (Sunflower) Seedcake, Prunus Amygdalus Dulcis (Sweet Almond) Seed Meal, Eucalyptus Globulus (Eucalyptus) Leaf Oil, Sodium Gluconate, Copper Gluconate, Calcium Gluconate, Magnesium Gluconate, Zinc Gluconate, Tocopheryl Succinate, Niacin, Sesamum Indicum (Sesame) Seed Powder, Sucrose, Pyrus Malus (Apple) Fruit Extract, Citrullus Vulgaris (Watermelon) Fruit Extract, Porphyridium Cruentum Extract, Lens Esculenta (Lentil) Fruit Extract, Laminaria Digitata Extract, Saccharomyces Lysate Extract, Ascophyllum Nodosum Extract, Plankton Extract, Helichrysum Arenarium (Everlasting) Extract, Citrus Aurantifolia (Lime) Peel Extract, Tourmaline, Sigesbeckia Orientalis (St. Paul'S Wort) Extract, Asparagopsis Armata Extract, Acetyl Hexapeptide-8, Caffeine, Pullulan, Trehalose, Sodium Lactate, Sorbitol, Sodium Pca, Styrene/Vp Copolymer, Hydroxypropyl Methylcellulose, Sodium Hyaluronate, Hexylene Glycol, Butylene Glycol, Vinyl Dimethicone/Methicone Silsesquioxane Crosspolymer, Alcohol Denat., Xanthan Gum, Isododecane, Fragrance, Ethylhexylglycerin, Caprylyl Glycol, Trimethylsiloxysilicate, Disodium Edta, Phenoxyethanol, Green 5 (Ci 61570), Blue 1 (Ci 42090)",0,0,0,0,0,the_lifting_eye_serum,la_mer,eye_cream,la_mer_the_lifting_eye_serum,0.0,5.0,4458.0,3.8,0.5,Eye Care,510.0,76.0,0.11,"Declustered Water (-)/Aqua/Eau De-Structuree (-);Declustered Water (+)/Aqua/Eau De-Structuree (+);Propanediol;Glycerin;Algae (Seaweed) Extract;Prunus Amygdalus Dulcis (Sweet Almond) Seed Extract;Sesamum Indicum (Sesame) Seed Oil;Medicago Sativa (Alfalfa) Seed Powder;Helianthus Annuus (Sunflower) Seedcake;Prunus Amygdalus Dulcis (Sweet Almond) Seed Meal;Eucalyptus Globulus (Eucalyptus) Leaf Oil;Sodium Gluconate;Copper Gluconate;Calcium Gluconate;Magnesium Gluconate;Zinc Gluconate;Tocopheryl Succinate;Niacin;Sesamum Indicum (Sesame) Seed Powder;Sucrose;Pyrus Malus (Apple) Fruit Extract;Citrullus Vulgaris (Watermelon) Fruit Extract;Porphyridium Cruentum Extract;Lens Esculenta (Lentil) Fruit Extract;Laminaria Digitata Extract;Saccharomyces Lysate Extract;Ascophyllum Nodosum Extract;Plankton Extract;Helichrysum Arenarium (Everlasting) Extract;Citrus Aurantifolia (Lime) Peel Extract;Tourmaline;Sigesbeckia Orientalis (St, Paul'S Wort) Extract;Asparagopsis Armata Extract;Acetyl Hexapeptide-8;Caffeine;Pullulan;Trehalose;Sodium Lactate;Sorbitol;Sodium Pca;Styrene/Vp Copolymer;Hydroxypropyl Methylcellulose;Sodium Hyaluronate;Hexylene Glycol;Butylene Glycol;Vinyl Dimethicone/Methicone Silsesquioxane Crosspolymer;Alcohol Denat,;Xanthan Gum;Isododecane;Fragrance;Ethylhexylglycerin;Caprylyl Glycol;Trimethylsiloxysilicate;Disodium Edta;Phenoxyethanol;Green 5 (Ci 61570);Blue 1 (Ci 42090)",0.0,5.0,4458.0,3.8,0.5,Eye Care,510.0,76.0,0.11,eye care,Low (3k - 7k)
Eye cream,SEPHORA COLLECTION,Eye Mask,5,4.2,"Water, Butylene Glycol, Glycerin, Aloe Barbadensis Leaf Juice, 1,2-Hexanediol, Hydroxyacetophenone, Glycosyl Trehalose, Xanthan Gum, Hydrolyzed Sclerotium Gum, Dipotassium Glycyrrhizate, (Fragrance), Phosphatidylcholine, Phenoxyethano, Polysorbate 80, Vitis Vinifera (Grape) Fruit Extract, Mesembryanthemum Crystallinum Callus Extract, Ascorbyl Palmitate, Citric Acid, Potassium Sorbate, Tocopheryl Acetate, Sodium Benzoate, Astaxanthin.",0,0,0,0,0,eye_mask,sephora_collection,eye_cream,sephora_collection_eye_mask,0.0,693.0,34485.0,4.1804,,Eye Care,,0.6,2.01,"Butylene Glycol;Glycerin;Aloe Barbadensis Leaf Juice;1,2-Hexanediol;Hydroxyacetophenone;Glycosyl Trehalose;Xanthan Gum;Hydrolyzed Sclerotium Gum;Dipotassium Glycyrrhizate;(Fragrance);Phosphatidylcholine;Phenoxyethano;Polysorbate 80;Vitis Vinifera (Grape) Fruit Extract;Mesembryanthemum Crystallinum Callus Extract;Ascorbyl Palmitate;Citric Acid;Potassium Sorbate;Tocopheryl Acetate;Sodium Benzoate;Astaxanthin,",0.0,693.0,34485.0,4.1804,,Eye Care,,0.6,2.01,eye care,Very High (26k - 193k)
Eye cream,CLINIQUE,All About Eyes,32,4.1,"Cyclopentasiloxane , Water , Isostearyl Palmitate , Polyethylene , Butylene Glycol , Polysilicone-11 , Ethylene/Acrylic Acid Copolymer , Morus Bombycis (Mulberry) Root Extract , Caffeine , Phytosphingosine , Triticum Vulgare (Wheat) Bran Extract , Scutellaria Baicalensis Root Extract , Whey Protein/Lactis Protein/Proteine Du Petit-Lait , Olea Europaea (Olive) Fruit Extract , Camellia Sinensis (Green Tea) Leaf Extract , Cholesterol , Linoleic Acid , Tocopheryl Acetate , Magnesium Ascorbyl Phosphate , Pyridoxine Dipalmitate , Sucrose , Glycerin , Dimethicone , Glyceryl Laurate , Peg/Ppg-18/18 Dimethicone , Petrolatum , Cetyl Peg/Ppg-10/1 Dimethicone , Propylene Carbonate , Sodium Chloride , Quaternium-90 Bentonite , Disodium Edta , Phenoxyethanol , Iron Oxides (Ci 77491, Ci 77492, Ci 77499)",1,1,1,1,1,all_about_eyes,clinique,eye_cream,clinique_all_about_eyes,0.0,1000.0,23996.0,4.0818,0.5,Eye Care,65.0,0.41,4.17,Cyclopentasiloxane;Isostearyl Palmitate;Polyethylene;Butylene Glycol;Polysilicone-11;Ethylene/Acrylic Acid Copolymer;Morus Bombycis (Mulberry) Root Extract;Caffeine;Phytosphingosine;Triticum Vulgare (Wheat) Bran Extract;Scutellaria Baicalensis Root Extract;Whey Protein/Lactis Protein/Proteine Du Petit-Lait;Olea Europaea (Olive) Fruit Extract;Camellia Sinensis (Green Tea) Leaf Extract;Cholesterol;Linoleic Acid;Tocopheryl Acetate;Magnesium Ascorbyl Phosphate;Pyridoxine Dipalmitate;Sucrose;Glycerin;Dimethicone;Glyceryl Laurate;Peg/Ppg-18/18 Dimethicone;Petrolatum;Cetyl Peg/Ppg-10/1 Dimethicone;Propylene Carbonate;Sodium Chloride;Quaternium-90 Bentonite;Disodium Edta;Phenoxyethanol;Iron Oxides (Ci 77491;Ci 77492;Ci 77499),0.0,1000.0,23996.0,4.0818,0.5,Eye Care,65.0,0.41,4.17,eye care,High (13k - 26k)
Eye cream,LANCÔME,Advanced Génifique Eye Cream,67,4.1,"Water, Cyclohexasiloxane, Bifida ferment lysate, Glycerin, Propanediol, Alcohol denat, Polysilicone-11, Dimethicone, Polymethylsilsesquioxane, Di-c12-13 alkyl malate, Ammonium polyacryloyldimethyl taurate, Ci 77891, titanium dioxide, Ascorbyl glucoside, Mica, Lactobacillus ferment, Hydrogenated vegetable oil, Sodium hyaluronate, Sodium benzoate, Hydrolyzed wheat protein, Sodium dehydroacetate, Sodium succinate, Phenoxyethanol, Adenosine, Faex extract, yeast extract, Ptfe, Peg-10 dimethicone, Arginine, Triethanolamine Chlorphenesin, Chlorhexidine digluconate, Polygonum fagopyrum seed extract, buckwheat seed extract, Silica, Salicyloyl phytosphingosine, Chlorella vulgaris extract, Dimethiconol, Limonene, Pentylene glycol, Synthetic fluorphlogopite, Linalool, Pentaerythrityl tetra-di-t-butyl hydroxyhydrocinnamate, Biosaccharide gum-1, Caprylic/capric triglyceride, Carbomer, Boron nitride, Acrylates/c10-30 alkyl acrylate crosspolymer, Geraniol, Bis-peg/ppg-16/16 peg/ppg-16/16 dimethicone, Disodium edta, Ceteareth-20, Potassium cetyl phosphate, Citronellol, Methionine, Potassium sorbate, Glycine, Fragrance.",1,1,1,1,1,advanced_génifique_eye_cream,lancôme,eye_cream,lancôme_advanced_génifique_eye_cream,,,,,,,,,,"Cyclohexasiloxane;Bifida ferment lysate;Glycerin;Propanediol;Alcohol denat;Polysilicone-11;Dimethicone;Polymethylsilsesquioxane;Di-c12-13 alkyl malate;Ammonium polyacryloyldimethyl taurate;Ci 77891;titanium dioxide;Ascorbyl glucoside;Mica;Lactobacillus ferment;Hydrogenated vegetable oil;Sodium hyaluronate;Sodium benzoate;Hydrolyzed wheat protein;Sodium dehydroacetate;Sodium succinate;Phenoxyethanol;Adenosine;Faex extract;yeast extract;Ptfe;Peg-10 dimethicone;Arginine;Triethanolamine Chlorphenesin;Chlorhexidine digluconate;Polygonum fagopyrum seed extract;buckwheat seed extract;Silica;Salicyloyl phytosphingosine;Chlorella vulgaris extract;Dimethiconol;Limonene;Pentylene glycol;Synthetic fluorphlogopite;Linalool;Pentaerythrityl tetra-di-t-butyl hydroxyhydrocinnamate;Biosaccharide gum-1;Caprylic/capric triglyceride;Carbomer;Boron nitride;Acrylates/c10-30 alkyl acrylate crosspolymer;Geraniol;Bis-peg/ppg-16/16 peg/ppg-16/16 dimethicone;Disodium edta;Ceteareth-20;Potassium cetyl phosphate;Citronellol;Methionine;Potassium sorbate;Glycine;Fragrance,",0.0,256.0,10353.0,4.0469,0.5,,134.0,1.58,2.47,eye care,nan
Eye cream,ESTÉE LAUDER,Advanced Night Repair Eye Concentrate Matrix,69,3.2,"Advanced Night Rpr Eye Conc Matrix Division: El (Estee Lauder)Ingredients: Water , Dimethicone , Isohexadecane , Glycerin , Butylene Glycol , Bis-Peg-18 Methyl Ether Dimethyl Silane , Peg-10 Dimethicone , Disteardimonium Hectorite , Isopropyl Isostearate , Ppg-15 Stearyl Ether , Sucrose , Trehalose , Pentylene Glycol , Hydroxyethyl Urea , Cucumis Sativus (Cucumber) Fruit Extract , Garcinia Mangostana Peel Extract , Anthemis Nobilis (Chamomile) Flower Extract , Hordeum Vulgare (Barley) Extract/Extrait D'Orge , Silybum Marianum (Lady'S Thistle) Extract , Glycine Soja (Soybean) Seed Extract , Lactobacillus Ferment , Algae Extract , Sorbitol , Betula Alba (Birch) Extract , Scutellaria Baicalensis Root Extract , Morus Bombycis (Mulberry) Root Extract , Poria Cocos Sclerotium Extract , Camelina Sativa Seed Oil , Bifida Ferment Lysate , Propylene Glycol Dicaprate , Caffeine , Sodium Hyaluronate , Sodium Polyaspartate , Hydrogenated Lecithin , Aminopropyl Ascorbyl Phosphate , Phytosphingosine , Yeast Extract/Faex/Extrait De Levure , Ethylhexylglycerin , Sodium Rna , Hydrolyzed Algin , Tripeptide-32 , Polysilicone-11 , Isododecane , Tocopheryl Acetate , Helianthus Annuus (Sunflower) Seedcake , Polyethylene , Propylene Carbonate , Polyacrylate Crosspolymer-6 , Sodium Dehydroacetate , Potassium Sorbate , Lecithin , Disodium Edta , Bht , Phenoxyethanol , Iron Oxides (Ci 77491)",1,1,1,1,0,advanced_night_repair_eye_concentrate_matrix,estée_lauder,eye_cream,estée_lauder_advanced_night_repair_eye_concentrate_matrix,,,,,,,,,,Advanced Night Rpr Eye Conc Matrix Division: El (Estee Lauder)Ingredients: Water;Dimethicone;Isohexadecane;Glycerin;Butylene Glycol;Bis-Peg-18 Methyl Ether Dimethyl Silane;Peg-10 Dimethicone;Disteardimonium Hectorite;Isopropyl Isostearate;Ppg-15 Stearyl Ether;Sucrose;Trehalose;Pentylene Glycol;Hydroxyethyl Urea;Cucumis Sativus (Cucumber) Fruit Extract;Garcinia Mangostana Peel Extract;Anthemis Nobilis (Chamomile) Flower Extract;Hordeum Vulgare (Barley) Extract/Extrait D'Orge;Silybum Marianum (Lady'S Thistle) Extract;Glycine Soja (Soybean) Seed Extract;Lactobacillus Ferment;Algae Extract;Sorbitol;Betula Alba (Birch) Extract;Scutellaria Baicalensis Root Extract;Morus Bombycis (Mulberry) Root Extract;Poria Cocos Sclerotium Extract;Camelina Sativa Seed Oil;Bifida Ferment Lysate;Propylene Glycol Dicaprate;Caffeine;Sodium Hyaluronate;Sodium Polyaspartate;Hydrogenated Lecithin;Aminopropyl Ascorbyl Phosphate;Phytosphingosine;Yeast Extract/Faex/Extrait De Levure;Ethylhexylglycerin;Sodium Rna;Hydrolyzed Algin;Tripeptide-32;Polysilicone-11;Isododecane;Tocopheryl Acetate;Helianthus Annuus (Sunflower) Seedcake;Polyethylene;Propylene Carbonate;Polyacrylate Crosspolymer-6;Sodium Dehydroacetate;Potassium Sorbate;Lecithin;Disodium Edta;Bht;Phenoxyethanol;Iron Oxides (Ci 77491),0.0,19.0,3281.0,3.1053,0.5,Eye Care,138.0,16.34,0.58,eye care,nan
Eye cream,SHISEIDO,Ultimune Eye Power Infusing Eye Concentrate,67,3.8,"Water, Dimethicone, Glycerin, Dipropylene Glycol, Sd Alcohol 40-B (Alcohol Denat.), Sorbitol, Xylitol, Methyl Gluceth-10, Sodium Chloride, Peg-10 Dimethicone, Peg/Ppg-19/19 Dimethicone, Hydrogenated Polyisobutene, Phenoxyethanol, Cetyl Ethylhexanoate, Erythritol, Nylon-12, Cellulose Gum, Tocopheryl Acetate, Peg/Ppg-14/7 Dimethyl Ether, Peg/Ppg-17/4 Dimethyl Ether, Rosa Damascena Flower Water, Fragrance (Parfum), Butylene Glycol, Tocopherol, Trisodium Edta, Ectoin, Linalool, Sodium Metabisulfite, Geraniol, Ginkgo Biloba Leaf Extract (Ginkgo Biloba), Citronellol, Sodium Carboxymethyl Beta-Glucan, Thymus Serpillum Extract, Perilla Ocymoides Leaf Extract.",1,1,1,1,1,ultimune_eye_power_infusing_eye_concentrate,shiseido,eye_cream,shiseido_ultimune_eye_power_infusing_eye_concentrate,0.0,71.0,8887.0,3.8732,0.54,Eye Care,124.07,5.46,0.8,"Dimethicone;Glycerin;Dipropylene Glycol;Sd Alcohol 40-B (Alcohol Denat,);Sorbitol;Xylitol;Methyl Gluceth-10;Sodium Chloride;Peg-10 Dimethicone;Peg/Ppg-19/19 Dimethicone;Hydrogenated Polyisobutene;Phenoxyethanol;Cetyl Ethylhexanoate;Erythritol;Nylon-12;Cellulose Gum;Tocopheryl Acetate;Peg/Ppg-14/7 Dimethyl Ether;Peg/Ppg-17/4 Dimethyl Ether;Rosa Damascena Flower Water;Fragrance (Parfum);Butylene Glycol;Tocopherol;Trisodium Edta;Ectoin;Linalool;Sodium Metabisulfite;Geraniol;Ginkgo Biloba Leaf Extract (Ginkgo Biloba);Citronellol;Sodium Carboxymethyl Beta-Glucan;Thymus Serpillum Extract;Perilla Ocymoides Leaf Extract,",0.0,71.0,8887.0,3.8732,0.54,Eye Care,124.07,5.46,0.8,eye care,Medium (7k - 13k)
Eye cream,LANEIGE,Water Bank Eye Gel,36,4.2,"Water, Glycerin, Butylene Glycol, Cyclopentasiloxane, Cyclohexasiloxane, Chenopodium Quinoa Seed Extract, Magnesium Sulfate, Zinc Sulfate, Manganese Sulfate, Calcium Chloride, Ascorbyl Glucoside, Vaccinium Myrtillus Fruit, Leaf Extract, Saccharum Officinarum (Sugar Cane) Extract, Citrus Medica Limonum (Lemon) Fruit Extract, Citrus Aurantium Dulcis (Orange) Fruit Extract, Acer Saccharum (Sugar Maple) Extract, Hydroxyethyl Acrylate, Sodium Acryloyldimethyl Taurate Copolymer, Dimethicone Crosspolymer, Polyacrylate-13, Pentaerythrityl Tetraethylhexanoate, Hydrogenated Vegetable Oil, PCA Dimethicone, PEG-100 Stearate, Cyclomethicone, Glyceryl Stearate, Polyisobutene, Dimethiconol, Dimethicone, Phenyl Trimethicone, Ethylhexylglycerin, Polysorbate 20, Acrylates, C10-30 Alkyl Acrylate Crosspolymer, Tromethamine, Disodium EDTA, Fragrance.",1,1,1,1,1,water_bank_eye_gel,laneige,eye_cream,laneige_water_bank_eye_gel,0.0,129.0,20038.0,4.1705,0.8,Eye Care,45.0,3.23,0.64,"Glycerin;Butylene Glycol;Cyclopentasiloxane;Cyclohexasiloxane;Chenopodium Quinoa Seed Extract;Magnesium Sulfate;Zinc Sulfate;Manganese Sulfate;Calcium Chloride;Ascorbyl Glucoside;Vaccinium Myrtillus Fruit;Leaf Extract;Saccharum Officinarum (Sugar Cane) Extract;Citrus Medica Limonum (Lemon) Fruit Extract;Citrus Aurantium Dulcis (Orange) Fruit Extract;Acer Saccharum (Sugar Maple) Extract;Hydroxyethyl Acrylate;Sodium Acryloyldimethyl Taurate Copolymer;Dimethicone Crosspolymer;Polyacrylate-13;Pentaerythrityl Tetraethylhexanoate;Hydrogenated Vegetable Oil;PCA Dimethicone;PEG-100 Stearate;Cyclomethicone;Glyceryl Stearate;Polyisobutene;Dimethiconol;Dimethicone;Phenyl Trimethicone;Ethylhexylglycerin;Polysorbate 20;Acrylates;C10-30 Alkyl Acrylate Crosspolymer;Tromethamine;Disodium EDTA;Fragrance,",0.0,129.0,20038.0,4.1705,0.8,Eye Care,45.0,3.23,0.64,eye care,High (13k - 26k)
Eye cream,FIRST AID BEAUTY,Eye Duty Triple Remedy A.M. Gel Cream,36,4.1,"Water, Dimethicone, Glycerin, Butylene Glycol, Albizia Julibrissin Bark Extract, Lactobacillus Ferment, Cyclopentasiloxane, Inulin Lauryl Carbamate, Hydroxyethyl Acrylate/Sodium Acryloyldimethyl Taurate Copolymer, Betaine, Methyl Gluceth-20, Pentaerythrityl Tetraethylhexanoate, Kappaphycus Alvarezii Extract, Sodium Hyaluronate, Cucumis Sativus (Cucumber) Fruit Extract, Darutoside, Palmitoyl Hexapeptide-12, Palmitoyl Tetrapeptide-7, Chondrus Crispus Extract, Camellia Sinensis Leaf Extract, Chrysanthemum Parthenium (Feverfew) Extract, Dipotassium Glycyrrhizate, Glycyrrhiza Glabra (Licorice) Root Extract, Tocopheryl Acetate, Adenosine, Ricinus Communis (Castor) Seed Oil, Squalane, Cetearyl Alcohol, Sodium Polyacrylate, Cetearyl Glucoside, Polysorbate 60, Polysilicone-11, Maris Aqua (Sea Water, Eau de Mer), Sorbitan Isostearate, Carbomer, Sodium Lactate, Polysorbate 20, Phenoxyethanol, Sodium Benzoate, Disodium EDTA, Potassium Sorbate.",1,1,1,1,1,eye_duty_triple_remedy_a.m._gel_cream,first_aid_beauty,eye_cream,first_aid_beauty_eye_duty_triple_remedy_a.m._gel_cream,0.0,164.0,19611.0,4.0488,0.5,Eye Care,72.0,2.47,0.84,"Dimethicone;Glycerin;Butylene Glycol;Albizia Julibrissin Bark Extract;Lactobacillus Ferment;Cyclopentasiloxane;Inulin Lauryl Carbamate;Hydroxyethyl Acrylate/Sodium Acryloyldimethyl Taurate Copolymer;Betaine;Methyl Gluceth-20;Pentaerythrityl Tetraethylhexanoate;Kappaphycus Alvarezii Extract;Sodium Hyaluronate;Cucumis Sativus (Cucumber) Fruit Extract;Darutoside;Palmitoyl Hexapeptide-12;Palmitoyl Tetrapeptide-7;Chondrus Crispus Extract;Camellia Sinensis Leaf Extract;Chrysanthemum Parthenium (Feverfew) Extract;Dipotassium Glycyrrhizate;Glycyrrhiza Glabra (Licorice) Root Extract;Tocopheryl Acetate;Adenosine;Ricinus Communis (Castor) Seed Oil;Squalane;Cetearyl Alcohol;Sodium Polyacrylate;Cetearyl Glucoside;Polysorbate 60;Polysilicone-11;Maris Aqua (Sea Water;Eau de Mer);Sorbitan Isostearate;Carbomer;Sodium Lactate;Polysorbate 20;Phenoxyethanol;Sodium Benzoate;Disodium EDTA;Potassium Sorbate,",0.0,164.0,19611.0,4.0488,0.5,Eye Care,72.0,2.47,0.84,eye care,High (13k - 26k)
Eye cream,WANDER BEAUTY,Baggage Claim Rose Gold Eye Masks,25,4.6,"Water, Glycerin, Butylene Glycol, 1,2-Hexanediol, Aloe Barbadensis Leaf Juice, Xanthan Gum, Polyglyceryl-4 Caprate, Panthenol, Hydroxyethylcellulose, Portulaca Oleracea Extract, Calendula Officinalis Flower Extract, Myrciaria Dubia Fruit Extract, Butyrospermum Parkii (Shea) Butter, Ethylhexylglycerin, Disodium EDTA, Scutellaria Baicalensis Root Extract, Glyceryl Caprylate, Sodium hyaluronate, Tocopheryl Acetate, Simmondsia Chinensis (Jojoba) Seed Oil, Lavandula Angustifolia (Lavender) Oil , Lecithin, Cyclopentasiloxane, Hydrogenated Lecithin, Natto Gum, Glycine, Serine, Glutamic Acid, Beta-glucan, Aspartic Acid, Leucine, Alanine, Lysine, Arginine, Tyrosine, Phenylalanine, Threonine, Proline, Valine, Isoleucine, Histidine, Methionine, Cysteine, Acetyl Hexapeptide-8, Copper Tripeptide-1.",1,1,1,1,0,baggage_claim_rose_gold_eye_masks,wander_beauty,eye_cream,wander_beauty_baggage_claim_rose_gold_eye_masks,0.0,32.0,9083.0,4.375,,Eye Care,,13.67,0.35,"Glycerin;Butylene Glycol;1,2-Hexanediol;Aloe Barbadensis Leaf Juice;Xanthan Gum;Polyglyceryl-4 Caprate;Panthenol;Hydroxyethylcellulose;Portulaca Oleracea Extract;Calendula Officinalis Flower Extract;Myrciaria Dubia Fruit Extract;Butyrospermum Parkii (Shea) Butter;Ethylhexylglycerin;Disodium EDTA;Scutellaria Baicalensis Root Extract;Glyceryl Caprylate;Sodium hyaluronate;Tocopheryl Acetate;Simmondsia Chinensis (Jojoba) Seed Oil;Lavandula Angustifolia (Lavender) Oil;Lecithin;Cyclopentasiloxane;Hydrogenated Lecithin;Natto Gum;Glycine;Serine;Glutamic Acid;Beta-glucan;Aspartic Acid;Leucine;Alanine;Lysine;Arginine;Tyrosine;Phenylalanine;Threonine;Proline;Valine;Isoleucine;Histidine;Methionine;Cysteine;Acetyl Hexapeptide-8;Copper Tripeptide-1,",0.0,32.0,9083.0,4.375,,Eye Care,,13.67,0.35,eye care,Medium (7k - 13k)
Eye cream,SHISEIDO,Future Solution LX Eye and Lip Contour Regenerating Cream,150,3.9,"Glycerin, Dimethicone, Dipropylene Glycol, Butylene Glycol, Trehalose, Petrolatum, Mineral Oil(Paraffinum Liquidum/Huile Minerale), Diisostearyl Malate, Myristyl Myristate, Hdi/Trimethylol Hexyllactone Crosspolymer, Dimethicone Crosspolymer, Behenyl Alcohol, Glyceryl Stearate Se, Silica, Stearyl Alcohol, Pentaerythrityl Tetraethylhexanoate, Pentaerythrityl Tetrabehenate/Benzoate/Ethylhexanoate, Piperidinepropionic Acid, Batyl Alcohol, Isododecane, Phenoxyethanol, Peg-40 Stearate, Titanium Dioxide (Ci 77891), Dimethylacrylamide/Sodium Acryloyldimethyltaurate Crosspolymer, Polyisobutene, Fragrance (Parfum), Sorbitan Tristearate, Tocopheryl Acetate, Acrylates/Steareth-20 Methacrylate Copolymer, Sodium Citrate, Mica, Bht, 2-O-Ethyl Ascorbic Acid, Peg-240/Hdi Copolymer Bis-Decyltetradeceth-20 Ether, Barium Sulfate, Sodium Metabisulfite, Trisodium Edta, Aluminum Hydroxide, Potassium Hydroxide, Iron Oxides (Ci 77492), Sodium Metaphosphate, Citric Acid, Linalool, Alcohol, Butylphenyl Methylpropional, Limonene, Saccharomyces Ferment Lysate Filtrate, Alpha-Isomethyl Ionone, Citronellol, Geraniol, Benzyl Benzoate, Prunus Speciosa Leaf Extract, Iron Oxides (Ci 77491), Angelica Acutiloba Root Extract, Isodonis Japonicus Leaf/Stalk Extract, Alumina, Sodium Lauryl Sulfate, Polymethyl Methacrylate, Hibiscus Esculentus Fruit Extract, Camellia Sinensis Leaf Extract, Houttuynia Cordata Extract, Tocopherol.",1,1,1,1,1,future_solution_lx_eye_and_lip_contour_regenerating_cream,shiseido,eye_cream,shiseido_future_solution_lx_eye_and_lip_contour_regenerating_cream,0.0,22.0,3128.0,3.8636,0.61,Eye Care,250.82,17.56,0.7,"Glycerin;Dimethicone;Dipropylene Glycol;Butylene Glycol;Trehalose;Petrolatum;Mineral Oil(Paraffinum Liquidum/Huile Minerale);Diisostearyl Malate;Myristyl Myristate;Hdi/Trimethylol Hexyllactone Crosspolymer;Dimethicone Crosspolymer;Behenyl Alcohol;Glyceryl Stearate Se;Silica;Stearyl Alcohol;Pentaerythrityl Tetraethylhexanoate;Pentaerythrityl Tetrabehenate/Benzoate/Ethylhexanoate;Piperidinepropionic Acid;Batyl Alcohol;Isododecane;Phenoxyethanol;Peg-40 Stearate;Titanium Dioxide (Ci 77891);Dimethylacrylamide/Sodium Acryloyldimethyltaurate Crosspolymer;Polyisobutene;Fragrance (Parfum);Sorbitan Tristearate;Tocopheryl Acetate;Acrylates/Steareth-20 Methacrylate Copolymer;Sodium Citrate;Mica;Bht;2-O-Ethyl Ascorbic Acid;Peg-240/Hdi Copolymer Bis-Decyltetradeceth-20 Ether;Barium Sulfate;Sodium Metabisulfite;Trisodium Edta;Aluminum Hydroxide;Potassium Hydroxide;Iron Oxides (Ci 77492);Sodium Metaphosphate;Citric Acid;Linalool;Alcohol;Butylphenyl Methylpropional;Limonene;Saccharomyces Ferment Lysate Filtrate;Alpha-Isomethyl Ionone;Citronellol;Geraniol;Benzyl Benzoate;Prunus Speciosa Leaf Extract;Iron Oxides (Ci 77491);Angelica Acutiloba Root Extract;Isodonis Japonicus Leaf/Stalk Extract;Alumina;Sodium Lauryl Sulfate;Polymethyl Methacrylate;Hibiscus Esculentus Fruit Extract;Camellia Sinensis Leaf Extract;Houttuynia Cordata Extract;Tocopherol,",0.0,22.0,3128.0,3.8636,0.61,Eye Care,250.82,17.56,0.7,eye care,Very Low (0 - 3k)
Eye cream,CAUDALIE,Resveratrol Lift Hyaluronic Acid Eye Lifting Balm,62,4.0,"Water, Glycerin*, Butylene Glycol*, Coco-Caprylate*, Isoamyl Laurate*, Albizia Julibrissin Bark Extract*, Polyacrylate Crosspolymer-6, Sodium Polyacrylate, Ethylhexylglycerin, Glycol Palmitate, Palmitoyl Grapevine Shoot Extract*, Tocopherol*, Caprylyl Glycol, Sorbitan Laurate*, Xanthan Gum, Picea Abies Wood Extract*, Benzyl Alcohol, Hydrolyzed Hyaluronic Acid, Carbomer, Hydroxyethylcellulose*, Acetyl Dipeptide-1 Cetyl Ester, Sodium Phytate*, Acrylates/C10-30 Alkyl Acrylate Crosspolymer, Hyaluronic Acid, Sodium Benzoate, Darutoside*. *Plant Origin.",1,1,1,1,1,resveratrol_lift_hyaluronic_acid_eye_lifting_balm,caudalie,eye_cream,caudalie_resveratrol_lift_hyaluronic_acid_eye_lifting_balm,1.0,197.0,14695.0,4.0355,0.5,Eye Care,124.0,2.05,1.34,"Glycerin*;Butylene Glycol*;Coco-Caprylate*;Isoamyl Laurate*;Albizia Julibrissin Bark Extract*;Polyacrylate Crosspolymer-6;Sodium Polyacrylate;Ethylhexylglycerin;Glycol Palmitate;Palmitoyl Grapevine Shoot Extract*;Tocopherol*;Caprylyl Glycol;Sorbitan Laurate*;Xanthan Gum;Picea Abies Wood Extract*;Benzyl Alcohol;Hydrolyzed Hyaluronic Acid;Carbomer;Hydroxyethylcellulose*;Acetyl Dipeptide-1 Cetyl Ester;Sodium Phytate*;Acrylates/C10-30 Alkyl Acrylate Crosspolymer;Hyaluronic Acid;Sodium Benzoate;Darutoside*, *Plant Origin,",1.0,197.0,14695.0,4.0355,0.5,Eye Care,124.0,2.05,1.34,eye care,High (13k - 26k)
Eye cream,TATCHA,Luminous Deep Hydration Firming Eye Serum,85,4.0,"Water, Glycerin, Propanediol, Peg-400, Squalane (Olive Origin), Sericin (Silk Extract), Camellia Sinensis (Green Tea) Leaf Extract, Origanum Majorana Leaf Extract, Panax Ginseng Root Extract, Lonicera Japonica (Honeysuckle) Leaf Extract, Stearyl Glycyrrhetinate (Licorice), Caffeine, Royal Jelly Extract, Thymus Serpillum Extract, Gold, Algae Extract, Hydrolyzed Hyaluronic Acid, Persea Gratissima (Avocado) Oil, Prunus Armeniaca (Apricot) Kernel Oil, Rosa Canina Fruit Oil, Inositol (Rice Extract), Helianthus Annuus (Sunflower) Seed Oil, Hydrogenated Lecithin, Sodium Hyaluronate Crosspolymer, Glycosyl Trehalose, Hydrogenated Starch Hydrolysate, Potassium Hydroxide, Sodium Dilauramidoglutamide Lysine, Natto Gum, Xanthan Gum, Disodium Edta, Sorbitan Stearate, Dimethicone, Dipentaerythrityl Hexahydroxystearate, Carbomer, Mica, Tin Oxide, Titanium Dioxide, Butylene Glycol, Pentylene Glycol, Sodium Chloride, Ethylhexylglycerin, Behenyl Alcohol, Alcohol, Phenoxyethanol.",0,0,0,0,0,luminous_deep_hydration_firming_eye_serum,tatcha,eye_cream,tatcha_luminous_deep_hydration_firming_eye_serum,1.0,86.0,19206.0,3.9302,0.5,Eye Care,170.0,4.57,0.45,"Glycerin;Propanediol;Peg-400;Squalane (Olive Origin);Sericin (Silk Extract);Camellia Sinensis (Green Tea) Leaf Extract;Origanum Majorana Leaf Extract;Panax Ginseng Root Extract;Lonicera Japonica (Honeysuckle) Leaf Extract;Stearyl Glycyrrhetinate (Licorice);Caffeine;Royal Jelly Extract;Thymus Serpillum Extract;Gold;Algae Extract;Hydrolyzed Hyaluronic Acid;Persea Gratissima (Avocado) Oil;Prunus Armeniaca (Apricot) Kernel Oil;Rosa Canina Fruit Oil;Inositol (Rice Extract);Helianthus Annuus (Sunflower) Seed Oil;Hydrogenated Lecithin;Sodium Hyaluronate Crosspolymer;Glycosyl Trehalose;Hydrogenated Starch Hydrolysate;Potassium Hydroxide;Sodium Dilauramidoglutamide Lysine;Natto Gum;Xanthan Gum;Disodium Edta;Sorbitan Stearate;Dimethicone;Dipentaerythrityl Hexahydroxystearate;Carbomer;Mica;Tin Oxide;Titanium Dioxide;Butylene Glycol;Pentylene Glycol;Sodium Chloride;Ethylhexylglycerin;Behenyl Alcohol;Alcohol;Phenoxyethanol,",1.0,86.0,19206.0,3.9302,0.5,Eye Care,170.0,4.57,0.45,eye care,High (13k - 26k)
Eye cream,PETER THOMAS ROTH,Cucumber De-Tox™ Hydra-Gel Eye Patches,48,4.1,"Water, Glycerin, Carrageenan, Dipropylene Glycol, Ceratonia Siliqua (Carob) Gum, Cucumis Sativus (Cucumber) Fruit Extract, Aloe Barbadensis Leaf Juice Powder, Caffeine, Arnica Montana Flower Extract, Sodium Hyaluronate, Ydrolyzed Collagen, Chamomilla Recutita (Matricaria) Flower Extract, Camellia Sinensis Leaf Extract, Tocopheryl Acetate, Niacinamide, Adenosine, Allantoin, Maltodextrin, Ethylhexylglycerin, Butylene Glycol, Calcium Lactate, Ricinus Communis (Castor) Seed Oil, Xanthan Gum, Dextrin, Potassium Chloride, Disodium EDTA, Peg-60 Hydrogenated Castor Oil, Chlorphenesin, Phenoxyethanol, Mica, Fragrance, Yellow 5 (Ci 19140), Blue 1 (Ci 42090).",1,1,1,1,1,cucumber_de_tox_hydra_gel_eye_patches,peter_thomas_roth,eye_cream,peter_thomas_roth_cucumber_de_tox_hydra_gel_eye_patches,,,,,,,,,,"Glycerin;Carrageenan;Dipropylene Glycol;Ceratonia Siliqua (Carob) Gum;Cucumis Sativus (Cucumber) Fruit Extract;Aloe Barbadensis Leaf Juice Powder;Caffeine;Arnica Montana Flower Extract;Sodium Hyaluronate;Ydrolyzed Collagen;Chamomilla Recutita (Matricaria) Flower Extract;Camellia Sinensis Leaf Extract;Tocopheryl Acetate;Niacinamide;Adenosine;Allantoin;Maltodextrin;Ethylhexylglycerin;Butylene Glycol;Calcium Lactate;Ricinus Communis (Castor) Seed Oil;Xanthan Gum;Dextrin;Potassium Chloride;Disodium EDTA;Peg-60 Hydrogenated Castor Oil;Chlorphenesin;Phenoxyethanol;Mica;Fragrance;Yellow 5 (Ci 19140);Blue 1 (Ci 42090),",0.0,246.0,28764.0,4.0813,,,,1.66,0.86,eye care,nan
Eye cream,CAUDALIE,Vine[activ] Energizing Vitamin C Eye Cream,39,3.7,"Water, Glycerin*, Butylene Glycol, Isononyl Isononanoate, Caprylic/Capric Triglyceride*, Cetearyl Alcohol*, Hydrogenated Vegetable Oil*, Peg-20 Stearate, Cetyl Alcohol*, Tocopheryl Acetate*, Palmitoyl Grape Seed Extract*, Carbomer, Ethylhexylglycerin, Arginine*, Cyathea Cumingii Leaf Extract*, Escin*, Ammonium Glycyrrhizate*, Caprylyl Glycol, Hamamelis Virginiana (Witch Hazel) Leaf Extract*, Calendula Officinalis Flower Extract*, Xanthan Gum, Picea Abies Extract*, Tocopherol*, Helianthus Annuus (Sunflower) Seed Oil*, Ascorbyl Tetraisopalmitate, Sodium Phytate*, Polysorbate 20, Glyceryl Caprylate*, Cinnamic Acid*, Levulinic Acid*, Sodium Levulinate*, Palmitoyl Tripeptide-1, Palmitoyl Tetrapeptide-7, Citric Acid* (194/002 ) *. Plant Origin.",1,1,1,1,1,vine[activ]_energizing_vitamin_c_eye_cream,caudalie,eye_cream,caudalie_vine[activ]_energizing_vitamin_c_eye_cream,1.0,117.0,10626.0,3.7521,0.5,Eye Care,78.0,3.21,1.1,"Glycerin*;Butylene Glycol;Isononyl Isononanoate;Caprylic/Capric Triglyceride*;Cetearyl Alcohol*;Hydrogenated Vegetable Oil*;Peg-20 Stearate;Cetyl Alcohol*;Tocopheryl Acetate*;Palmitoyl Grape Seed Extract*;Carbomer;Ethylhexylglycerin;Arginine*;Cyathea Cumingii Leaf Extract*;Escin*;Ammonium Glycyrrhizate*;Caprylyl Glycol;Hamamelis Virginiana (Witch Hazel) Leaf Extract*;Calendula Officinalis Flower Extract*;Xanthan Gum;Picea Abies Extract*;Tocopherol*;Helianthus Annuus (Sunflower) Seed Oil*;Ascorbyl Tetraisopalmitate;Sodium Phytate*;Polysorbate 20;Glyceryl Caprylate*;Cinnamic Acid*;Levulinic Acid*;Sodium Levulinate*;Palmitoyl Tripeptide-1;Palmitoyl Tetrapeptide-7;Citric Acid* (194/002 ) *, Plant Origin,",1.0,117.0,10626.0,3.7521,0.5,Eye Care,78.0,3.21,1.1,eye care,Medium (7k - 13k)
Eye cream,PETER THOMAS ROTH,Mega Rich Intensive Anti-Aging Cellular Eye Creme,65,4.2,"Water, Glycerin, Glyceryl Stearate, Caprylic/Capric Triglyceride, Cetyl Alcohol, Propylene Glycol Stearate, Polyacrylamide, Peg-8 Beeswax, Peg-40 Hydrogenated Castor Oil, Acetyl Hexapeptide-8, Palmitoyl Tripeptide-5, Palmitoyl Oligopeptide, Palmitoyl Tetrapeptide-7, Ceramide 3, Tocopheryl Acetate, Ascorbyl Methylsilanol Pectinate, Ascorbyl Glucoside, Retinyl Palmitate, Panthenol, Soluble Collagen, Elastin, Allantoin, Sodium Hyaluronate, Sodium Pca, Superoxide Dismutase, Camellia Sinensis Leaf Extract, Aloe Barbadensis Leaf Juice, Lactic Acid, Linolenic Acid, Squalane, Butyrospermum Parkii Butter, Oleic Acid, Wheat Amino Acids, Dimethicone, Hydroxyproline, Linoleic Acid, Isomerized Linoleic Acid, C13-14 Isoparaffin, Echinacea Purpurea Extract, Rosa Canina Fruit Oil, Viola Tricolor Extract, Foeniculum Vulgare Seed Extract, Persea Gratissima Oil, Butylene Glycol, Polysorbate 20, Laureth-7, Maleic Acid, Sorbic Acid, Triethanolamine, Benzoic Acid, Edta, Carbomer, Leuconostoc/Radish Root Ferment Filtrate, Tartaric Acid, Steapyrium Chloride, Disodium Edta, Propylene Glycol, Quaternium-15, Phenoxyethanol, Diazolidinyl Urea, Ethylparaben, Propylparaben, Butylparaben, Isobutylparaben, Methylparaben.",0,0,0,0,0,mega_rich_intensive_anti_aging_cellular_eye_creme,peter_thomas_roth,eye_cream,peter_thomas_roth_mega_rich_intensive_anti_aging_cellular_eye_creme,0.0,231.0,8979.0,4.2078,0.76,Eye Care,85.53,1.82,2.57,"Glycerin;Glyceryl Stearate;Caprylic/Capric Triglyceride;Cetyl Alcohol;Propylene Glycol Stearate;Polyacrylamide;Peg-8 Beeswax;Peg-40 Hydrogenated Castor Oil;Acetyl Hexapeptide-8;Palmitoyl Tripeptide-5;Palmitoyl Oligopeptide;Palmitoyl Tetrapeptide-7;Ceramide 3;Tocopheryl Acetate;Ascorbyl Methylsilanol Pectinate;Ascorbyl Glucoside;Retinyl Palmitate;Panthenol;Soluble Collagen;Elastin;Allantoin;Sodium Hyaluronate;Sodium Pca;Superoxide Dismutase;Camellia Sinensis Leaf Extract;Aloe Barbadensis Leaf Juice;Lactic Acid;Linolenic Acid;Squalane;Butyrospermum Parkii Butter;Oleic Acid;Wheat Amino Acids;Dimethicone;Hydroxyproline;Linoleic Acid;Isomerized Linoleic Acid;C13-14 Isoparaffin;Echinacea Purpurea Extract;Rosa Canina Fruit Oil;Viola Tricolor Extract;Foeniculum Vulgare Seed Extract;Persea Gratissima Oil;Butylene Glycol;Polysorbate 20;Laureth-7;Maleic Acid;Sorbic Acid;Triethanolamine;Benzoic Acid;Edta;Carbomer;Leuconostoc/Radish Root Ferment Filtrate;Tartaric Acid;Steapyrium Chloride;Disodium Edta;Propylene Glycol;Quaternium-15;Phenoxyethanol;Diazolidinyl Urea;Ethylparaben;Propylparaben;Butylparaben;Isobutylparaben;Methylparaben,",0.0,231.0,8979.0,4.2078,0.76,Eye Care,85.53,1.82,2.57,eye care,Medium (7k - 13k)
Eye cream,TATA HARPER,Restorative Eye Crème,98,4.0,"Aloe barbadensis Leaf Juice*, Water, Carthamus tinctorius (safflower) Oleosomes*, Lavandula angustifolia (Lavender) Flower/leaf/stem Water*, Caprylic/Capric Triglyceride, Glycerin, Olea Europaea (Olive) Oil*, Propanediol, Mangifera Indica (Mango) Seed Butter, Cetearyl alcohol, Cetearyl Olivate, Centella asiatica (Gotu Kola) Extract*, Leuconostoc Ferment Filtrate, Cetearyl glucoside, Pheonix Dactylifera (Date) Seed Extract, Menyanthes Trifoliata Leaf Extract, Polygonum fagopyrum (Buckwheat) Seed Extract, Lavandula stoechas (Spanish Lavender) Extract, Narcissus tazetta (Daffodil) Bulb Extract*, Arnica montana (Arnica) Extract*, Borago officinalis (Borage) Leaf Extract*, Medicago sativa (Alfalfa) Extract*, Spiraea Ulmaria Flower Extract*, Calendula officinalis (Calendula) Flower Extract*, Sambucus Nigra Fruit Extract, Salix alba (Willow) Bark Extract, p-Anisic Acid, Sodium Phytate, Leuconostoc ferment filtrate, Superoxide Dismutase*, Soybean Peroxidase*, Aroma**, Sorbitan Olivate, Oryza sativa (Rice) Extract*, Sclerotium gum, Cetyl Palmitate, Sodium hyaluronate, Sorbitan Palmitate, Hydrogenated Vegetable Oil, Citral, Citronellol, Eugenol, Geraniol, Limonene, Linalool.",1,1,1,1,1,restorative_eye_crème,tata_harper,eye_cream,tata_harper_restorative_eye_crème,,,,,,,,,,"Aloe barbadensis Leaf Juice*;Carthamus tinctorius (safflower) Oleosomes*;Lavandula angustifolia (Lavender) Flower/leaf/stem Water*;Caprylic/Capric Triglyceride;Glycerin;Olea Europaea (Olive) Oil*;Propanediol;Mangifera Indica (Mango) Seed Butter;Cetearyl alcohol;Cetearyl Olivate;Centella asiatica (Gotu Kola) Extract*;Leuconostoc Ferment Filtrate;Cetearyl glucoside;Pheonix Dactylifera (Date) Seed Extract;Menyanthes Trifoliata Leaf Extract;Polygonum fagopyrum (Buckwheat) Seed Extract;Lavandula stoechas (Spanish Lavender) Extract;Narcissus tazetta (Daffodil) Bulb Extract*;Arnica montana (Arnica) Extract*;Borago officinalis (Borage) Leaf Extract*;Medicago sativa (Alfalfa) Extract*;Spiraea Ulmaria Flower Extract*;Calendula officinalis (Calendula) Flower Extract*;Sambucus Nigra Fruit Extract;Salix alba (Willow) Bark Extract;p-Anisic Acid;Sodium Phytate;Leuconostoc ferment filtrate;Superoxide Dismutase*;Soybean Peroxidase*;Aroma**;Sorbitan Olivate;Oryza sativa (Rice) Extract*;Sclerotium gum;Cetyl Palmitate;Sodium hyaluronate;Sorbitan Palmitate;Hydrogenated Vegetable Oil;Citral;Citronellol;Eugenol;Geraniol;Limonene;Linalool,",1.0,73.0,6674.0,3.9452,0.5,,196.0,5.4,1.09,eye care,nan
Eye cream,PETER THOMAS ROTH,Potent-C™ Power Eye Cream,65,4.4,"Water, Butylene Glycol, Tetrahexyldecyl Ascorbate, C9-12 Alkane, Tocopheryl Acetate, Bambusa Arundinacea Stem Powder, PEG-100 Stearate, Cetyl Ricinoleate, Ferulic Acid, Butyrospermum Parkii (Shea) Butter, Behenyl Alcohol, Methyl Trimethicone, Glycerin, Carbomer, Methyldihydrojasmonate, Polymethylsilsesquioxane, Saccharomyces Ferment Filtrate, Hydrogenated Lecithin, Diamond Powder, Caffeine, Sodium Hyaluronate, Ubiquinone, Ethylhexylglycerin, Squalane, Soluble Collagen, Undaria Pinnatifida Extract, Caesalpinia Spinosa Fruit Extract, Arnica Montana Flower Extract, Olea Europaea (Olive) Fruit Oil, Corallina Officinalis Extract, Kappaphycus Alvarezii Extract, Tribehenin, C12-15 Alkyl Benzoate, Coco-Caprylate/Caprate, Caprylic/Capric Triglyceride, Jojoba Wax PEG-120 Esters, Sodium Hydroxide, Myristyl Alcohol, Steareth-20, Mica, Sodium Benzoate, Potassium Sorbate, Phenoxyethanol.",1,1,1,1,1,potent_c_power_eye_cream,peter_thomas_roth,eye_cream,peter_thomas_roth_potent_c_power_eye_cream,,,,,,,,,,"Butylene Glycol;Tetrahexyldecyl Ascorbate;C9-12 Alkane;Tocopheryl Acetate;Bambusa Arundinacea Stem Powder;PEG-100 Stearate;Cetyl Ricinoleate;Ferulic Acid;Butyrospermum Parkii (Shea) Butter;Behenyl Alcohol;Methyl Trimethicone;Glycerin;Carbomer;Methyldihydrojasmonate;Polymethylsilsesquioxane;Saccharomyces Ferment Filtrate;Hydrogenated Lecithin;Diamond Powder;Caffeine;Sodium Hyaluronate;Ubiquinone;Ethylhexylglycerin;Squalane;Soluble Collagen;Undaria Pinnatifida Extract;Caesalpinia Spinosa Fruit Extract;Arnica Montana Flower Extract;Olea Europaea (Olive) Fruit Oil;Corallina Officinalis Extract;Kappaphycus Alvarezii Extract;Tribehenin;C12-15 Alkyl Benzoate;Coco-Caprylate/Caprate;Caprylic/Capric Triglyceride;Jojoba Wax PEG-120 Esters;Sodium Hydroxide;Myristyl Alcohol;Steareth-20;Mica;Sodium Benzoate;Potassium Sorbate;Phenoxyethanol,",,,,,,,,,,eye care,nan
Eye cream,CLINIQUE,Pep-Start Eye Cream,26,3.7,"Water , Glycerin , Butylene Glycol , Butyrospermum Parkii (Shea Butter) , Squalane , Cetyl Esters , Dimethicone , Methyl Gluceth-20 , Polyethylene , Glycereth-26 , Polybutene , Sucrose , Magnolia Officinalis Bark Extract , Sigesbeckia Orientalis (St. Paul'S Wort) Extract , Algae Extract , Molasses Extract/Saccharum Officinarum/Extrait De Melasse , Sapindus Mukurossi Fruit Extract , Palmitoyl Tetrapeptide-7 , Whey Protein/Lactis Protein/Proteine Du Petit-Lait , Palmitoyl Hexapeptide-12 , Trifluoroacetyl Tripeptide-2 , Caffeine , Phytosphingosine , Acetyl Hexapeptide-8 , Palmitoyl Tripeptide-1 , Yeast Extract/Faex/Extrait De Levure , Glycine Soja (Soybean) Protein , Caesalpinia Spinosa Gum , Acrylates/C10-30 Alkyl Acrylate Crosspolymer , Glyceryl Polymethacrylate , Sucrose Stearate , Caprylyl Glycol , Peg-8 , Sodium Hyaluronate , Simethicone , Polysorbate 20 , Carbomer , Sodium Hydroxide , Dextran , Hexylene Glycol , Sodium Citrate , Phenoxyethanol , Mica , Titanium Dioxide (Ci 77891)",1,1,1,1,1,pep_start_eye_cream,clinique,eye_cream,clinique_pep_start_eye_cream,0.0,866.0,43981.0,3.6894,0.5,Eye Care,53.0,0.43,1.97,"Glycerin;Butylene Glycol;Butyrospermum Parkii (Shea Butter);Squalane;Cetyl Esters;Dimethicone;Methyl Gluceth-20;Polyethylene;Glycereth-26;Polybutene;Sucrose;Magnolia Officinalis Bark Extract;Sigesbeckia Orientalis (St, Paul'S Wort) Extract;Algae Extract;Molasses Extract/Saccharum Officinarum/Extrait De Melasse;Sapindus Mukurossi Fruit Extract;Palmitoyl Tetrapeptide-7;Whey Protein/Lactis Protein/Proteine Du Petit-Lait;Palmitoyl Hexapeptide-12;Trifluoroacetyl Tripeptide-2;Caffeine;Phytosphingosine;Acetyl Hexapeptide-8;Palmitoyl Tripeptide-1;Yeast Extract/Faex/Extrait De Levure;Glycine Soja (Soybean) Protein;Caesalpinia Spinosa Gum;Acrylates/C10-30 Alkyl Acrylate Crosspolymer;Glyceryl Polymethacrylate;Sucrose Stearate;Caprylyl Glycol;Peg-8;Sodium Hyaluronate;Simethicone;Polysorbate 20;Carbomer;Sodium Hydroxide;Dextran;Hexylene Glycol;Sodium Citrate;Phenoxyethanol;Mica;Titanium Dioxide (Ci 77891)",0.0,866.0,43981.0,3.6894,0.5,Eye Care,53.0,0.43,1.97,eye care,Very High (26k - 193k)
Eye cream,LANCÔME,Rénergie Lift Multi-Action Eye,75,3.9,"Water, Dimethicone, Glycerin, Isohexadecane, Alcohol Denat., Squalane, Cetyl Alcohol, Stearic Acid, Paraffinum Liquidum, Mineral Oil, Huile Minerale, Palmitic Acid, Peg-100 Stearate, Glyceryl Stearate, Peg-20 Stearate, Cera Alba, Beeswax, Cire Dabeille, Silica, Octyldodecanol, Ci 77891, Titanium Dioxide, Ci 16035, Red 40, Ci 19140, Yellow 5, C13-14 Isoparaffin, Guanosine, Cyathea Medullaris Leaf Extract, Mica, Secale Cereale Seed Extract, Rye Seed Extract, Sodium Hydroxide, Hydrolyzed Soy Protein, Hydrolyzed Hyaluronic Acid, Sodium Levulinate, Phenoxyethanol, Stearyl Alcohol, Adenosine, Acetyl Tetrapeptide-9, Caffeine, Polyacrylamide, Chlorphenesin, Chlorhexidine Digluconate, Dimethiconol, Limonene, Pentylene Glycol, Tin Oxide, Benzyl Alcohol, Linalool, Xanthan Gum, Cinnamic Acid, Capryloyl Salicylic Acid, Cera Microcristallina, Microcrystalline Wax, Cire Microcristalline, Paraffin, Myristic Acid, Myristyl Alcohol, Butyrospermum Parkii Butter, Shea Butter, Citronellol, Citric Acid, Laureth-7, Coumarin, Levulinic Acid, Glyceryl Caprylate, Fragrance.",1,1,1,1,1,rénergie_lift_multi_action_eye,lancôme,eye_cream,lancôme_rénergie_lift_multi_action_eye,,,,,,,,,,"Dimethicone;Glycerin;Isohexadecane;Alcohol Denat,;Squalane;Cetyl Alcohol;Stearic Acid;Paraffinum Liquidum;Mineral Oil;Huile Minerale;Palmitic Acid;Peg-100 Stearate;Glyceryl Stearate;Peg-20 Stearate;Cera Alba;Beeswax;Cire Dabeille;Silica;Octyldodecanol;Ci 77891;Titanium Dioxide;Ci 16035;Red 40;Ci 19140;Yellow 5;C13-14 Isoparaffin;Guanosine;Cyathea Medullaris Leaf Extract;Mica;Secale Cereale Seed Extract;Rye Seed Extract;Sodium Hydroxide;Hydrolyzed Soy Protein;Hydrolyzed Hyaluronic Acid;Sodium Levulinate;Phenoxyethanol;Stearyl Alcohol;Adenosine;Acetyl Tetrapeptide-9;Caffeine;Polyacrylamide;Chlorphenesin;Chlorhexidine Digluconate;Dimethiconol;Limonene;Pentylene Glycol;Tin Oxide;Benzyl Alcohol;Linalool;Xanthan Gum;Cinnamic Acid;Capryloyl Salicylic Acid;Cera Microcristallina;Microcrystalline Wax;Cire Microcristalline;Paraffin;Myristic Acid;Myristyl Alcohol;Butyrospermum Parkii Butter;Shea Butter;Citronellol;Citric Acid;Laureth-7;Coumarin;Levulinic Acid;Glyceryl Caprylate;Fragrance,",0.0,38.0,3729.0,4.3684,2.6,,46.92,11.5,1.02,eye care,nan
Eye cream,KORA ORGANICS,Noni Radiant Eye Oil,38,4.1,"Rosa Canina (Rosehip) Fruit Oil*, Helianthus Annuus (Sunflower) Seed Oil*, Macadamia Ternifolia (Macadamia Nut) Oil*, Persea Gratissima (Avocado) Oil*, Simmondsia Chinensis (Jojoba) Seed Oil, Caryodendron Orinocense Seed Oil, Hippophae Rhamnoides (Sea Buckthorn) Oil*, Caprylic/Capric Triglyceride, Morinda Citrifolia (Noni) Fruit Extract*, Solanum Lycopersicum (Tomato) Fruit Extract, Himanthalia Elongata Extract, Calendula Officinalis Flower Extract*, Coffee Arabica Seed Extract, Squalane, Dicaprylyl Carbonate, Tocopherol, Squalene, Beta-Sitosterol, Quartz.",1,1,1,1,1,noni_radiant_eye_oil,kora_organics,eye_cream,kora_organics_noni_radiant_eye_oil,1.0,250.0,16682.0,4.044,0.34,Eye Care,111.76,1.62,1.5,"Rosa Canina (Rosehip) Fruit Oil*;Helianthus Annuus (Sunflower) Seed Oil*;Macadamia Ternifolia (Macadamia Nut) Oil*;Persea Gratissima (Avocado) Oil*;Simmondsia Chinensis (Jojoba) Seed Oil;Caryodendron Orinocense Seed Oil;Hippophae Rhamnoides (Sea Buckthorn) Oil*;Caprylic/Capric Triglyceride;Morinda Citrifolia (Noni) Fruit Extract*;Solanum Lycopersicum (Tomato) Fruit Extract;Himanthalia Elongata Extract;Calendula Officinalis Flower Extract*;Coffee Arabica Seed Extract;Squalane;Dicaprylyl Carbonate;Tocopherol;Squalene;Beta-Sitosterol;Quartz,",1.0,250.0,16682.0,4.044,0.34,Eye Care,111.76,1.62,1.5,eye care,High (13k - 26k)
Eye cream,ESTÉE LAUDER,Advanced Night Repair Eye Serum Synchronized Complex II,66,3.5,"Advanced Night Rp Eye Sr Syn Cmpii Division: El (Estee Lauder)Ingredients: Water , Bifida Ferment Lysate , Caprylic/Capric Triglyceride , Dimethicone , Nylon-12 , Cetyl Ricinoleate , Propanediol , Bis-Peg-18 Methyl Ether Dimethyl Silane , Glycerin , Trehalose , Algae Extract , Morus Bombycis (Mulberry) Root Extract , Scutellaria Baicalensis Root Extract , Lactobacillus Ferment , Triticum Vulgare (Wheat) Germ Extract , Betula Alba (Birch) Extract , Hydrolyzed Algin , Poria Cocos Sclerotium Extract , Glycine Soja (Soybean) Seed Extract , Sucrose , Yeast Extract/Faex/Extrait De Levure , Hydrogenated Lecithin , Hordeum Vulgare (Barley) Extract/Extrait D'Orge , Cholesterol , Anthemis Nobilis (Chamomile) , Tocopheryl Acetate , Sodium Rna , Tromethamine , Caffeine , Caprylyl Glycol , Oleth-10 , Phytosphingosine , Squalane , Ammonium Acryloyldimethyltaurate/Vp Copolymer , Potassium Sulfate , Biosaccharide Gum - 1 , Lecithin , Sodium Hyaluronate , Acrylates/C10-30 Alkyl Acrylate Crosspolymer , Sodium Acrylates/Acrylonitrogens Copolymer , Hexylene Glycol , Sodium Metabisulfite , Aminopropyl Ascorbyl Phosphate , Tripeptide-32 , Butylene Glycol , Sodium Sulfite , Disodium Edta , Bht , Phenoxyethanol , Mica , Titanium Dioxide (Ci 77891) , Iron Oxides (Ci 77491, Ci 77492, Ci 77499)",1,1,1,1,1,advanced_night_repair_eye_serum_synchronized_complex_ii,estée_lauder,eye_cream,estée_lauder_advanced_night_repair_eye_serum_synchronized_complex_ii,,,,,,,,,,Advanced Night Rp Eye Sr Syn Cmpii Division: El (Estee Lauder)Ingredients: Water;Bifida Ferment Lysate;Caprylic/Capric Triglyceride;Dimethicone;Nylon-12;Cetyl Ricinoleate;Propanediol;Bis-Peg-18 Methyl Ether Dimethyl Silane;Glycerin;Trehalose;Algae Extract;Morus Bombycis (Mulberry) Root Extract;Scutellaria Baicalensis Root Extract;Lactobacillus Ferment;Triticum Vulgare (Wheat) Germ Extract;Betula Alba (Birch) Extract;Hydrolyzed Algin;Poria Cocos Sclerotium Extract;Glycine Soja (Soybean) Seed Extract;Sucrose;Yeast Extract/Faex/Extrait De Levure;Hydrogenated Lecithin;Hordeum Vulgare (Barley) Extract/Extrait D'Orge;Cholesterol;Anthemis Nobilis (Chamomile);Tocopheryl Acetate;Sodium Rna;Tromethamine;Caffeine;Caprylyl Glycol;Oleth-10;Phytosphingosine;Squalane;Ammonium Acryloyldimethyltaurate/Vp Copolymer;Potassium Sulfate;Biosaccharide Gum - 1;Lecithin;Sodium Hyaluronate;Acrylates/C10-30 Alkyl Acrylate Crosspolymer;Sodium Acrylates/Acrylonitrogens Copolymer;Hexylene Glycol;Sodium Metabisulfite;Aminopropyl Ascorbyl Phosphate;Tripeptide-32;Butylene Glycol;Sodium Sulfite;Disodium Edta;Bht;Phenoxyethanol;Mica;Titanium Dioxide (Ci 77891);Iron Oxides (Ci 77491;Ci 77492;Ci 77499),0.0,41.0,5013.0,3.4878,0.5,Eye Care,132.0,8.51,0.82,eye care,nan
Eye cream,AMOREPACIFIC,MOISTURE BOUND Rejuvenating Eye Treatment Gel,85,4.3,"Phyllostachis Bambusoides Juice, Cyclopentasiloxane, Dimethicone, Glycerin, Butylene Glycol, Cyclohexasiloxane, Alcohol, Water, PEG-75, PEG-10 Dimethicone, Biosaccharide Gum-1, Squalane, Niacinamide, Acetyl Glucosamine, Hydrolyzed Phyllostachis Bambusoides, Hydrolyzed Camellia Sinensis Leaf, Glycine Soja (Soybean) Seed Extract, Nelumbo Nucifera Flower Extract, Opuntia Coccinellifera Fruit Extract, Hesperidin, Caffeine, Theanine, Kaempferol, Camellia Sinensis Flower Extract, Natto Gum, Beta-Glucan, Sodium Hyaluronate, Tocopherol, Phytantriol, Epigallocatechin Gallate, Disteardimonium Hectorite, Lauryl PEG-9 Polydimethylsiloxyethyl Dimethicone, Polysilicone-11, Propanediol, Dimethiconol, Dimethicone/Vinyl Dimethicone Crosspolymer, Stearyl Behenate, Polyglyceryl-3 Methylglucose Distearate, Hydroxypropyl Bispalmitamide Mea, Inulin Lauryl Carbamate, Polysorbate 20, PEG-15 Pentaerythrityl Tetra (Laureth-6 Carboxylate), Sodium Chloride, Poloxamer 407, Ammonium Acryloyldimethyltaurate/VP Copolymer, 1,2-Hexanediol, Disodium EDTA, Ethylhexylglycerin, Phenoxyethanol, Fragrance.",1,1,1,1,1,moisture_bound_rejuvenating_eye_treatment_gel,amorepacific,eye_cream,amorepacific_moisture_bound_rejuvenating_eye_treatment_gel,0.0,240.0,8599.0,4.2417,0.5,Eye Care,170.0,1.77,2.79,"Phyllostachis Bambusoides Juice;Cyclopentasiloxane;Dimethicone;Glycerin;Butylene Glycol;Cyclohexasiloxane;Alcohol;PEG-75;PEG-10 Dimethicone;Biosaccharide Gum-1;Squalane;Niacinamide;Acetyl Glucosamine;Hydrolyzed Phyllostachis Bambusoides;Hydrolyzed Camellia Sinensis Leaf;Glycine Soja (Soybean) Seed Extract;Nelumbo Nucifera Flower Extract;Opuntia Coccinellifera Fruit Extract;Hesperidin;Caffeine;Theanine;Kaempferol;Camellia Sinensis Flower Extract;Natto Gum;Beta-Glucan;Sodium Hyaluronate;Tocopherol;Phytantriol;Epigallocatechin Gallate;Disteardimonium Hectorite;Lauryl PEG-9 Polydimethylsiloxyethyl Dimethicone;Polysilicone-11;Propanediol;Dimethiconol;Dimethicone/Vinyl Dimethicone Crosspolymer;Stearyl Behenate;Polyglyceryl-3 Methylglucose Distearate;Hydroxypropyl Bispalmitamide Mea;Inulin Lauryl Carbamate;Polysorbate 20;PEG-15 Pentaerythrityl Tetra (Laureth-6 Carboxylate);Sodium Chloride;Poloxamer 407;Ammonium Acryloyldimethyltaurate/VP Copolymer;1,2-Hexanediol;Disodium EDTA;Ethylhexylglycerin;Phenoxyethanol;Fragrance,",0.0,240.0,8599.0,4.2417,0.5,Eye Care,170.0,1.77,2.79,eye care,Medium (7k - 13k)
Eye cream,MURAD,Renewing Eye Cream,80,4.1,"Water, Butylene Glycol, Tricaprylyl Citrate, Pentylene Glycol, Bis-Diglyceryl Polyacyladipate-2, Jojoba Esters, Glycerin, Boron Nitride, Caprylic/Capric/Myristic/Stearic Triglyceride, Cetyl Alcohol, Stearic Acid, Glyceryl Stearate, PEG-100 Stearate, Citrus Unshiu Peel Extract, Mangifera Indica (Mango) Seed Butter, Dimethicone, Cetyl Phosphate, Urea, Yeast Amino Acids, Trehalose, Inositol, Taurine, Betaine, Glycine Soja (Soybean) Seed Extract, Iris Florentina Root Extract, Dioscorea Villosa (Wild Yam) Root Extract, Glycine Soja (Soybean) Sterols, Trifolium Pratense (Clover) Flower Extract, Palmitoyl Oligopeptide, Palmitoyl Tetrapeptide-7, Retinol, Sodium Hyaluronate, Serenoa Serrulata Fruit Extract, Oenothera Biennis (Evening Primrose) Oil, Tocopherol, Ascorbyl Palmitate, Borago Officinalis Seed Oil, Dipeptide-2, Hesperidin Methyl Chalcone, Caprylic/Capric Triglyceride, Sodium PCA, Panthenol, Oleyl Alcohol, Steareth-20, Lecithin, Carbomer, Polysorbate 20, Sodium Potassium Aluminum Silicate, Aminomethyl Propanol, Disodium EDTA, Silica, Phenoxyethanol, Caprylyl Glycol, Chlorphenesin, Titanium Dioxide (CI 77891).",0,0,0,0,0,renewing_eye_cream,murad,eye_cream,murad_renewing_eye_cream,0.0,191.0,8904.0,4.0942,0.5,Eye Care,164.0,2.14,2.15,"Butylene Glycol;Tricaprylyl Citrate;Pentylene Glycol;Bis-Diglyceryl Polyacyladipate-2;Jojoba Esters;Glycerin;Boron Nitride;Caprylic/Capric/Myristic/Stearic Triglyceride;Cetyl Alcohol;Stearic Acid;Glyceryl Stearate;PEG-100 Stearate;Citrus Unshiu Peel Extract;Mangifera Indica (Mango) Seed Butter;Dimethicone;Cetyl Phosphate;Urea;Yeast Amino Acids;Trehalose;Inositol;Taurine;Betaine;Glycine Soja (Soybean) Seed Extract;Iris Florentina Root Extract;Dioscorea Villosa (Wild Yam) Root Extract;Glycine Soja (Soybean) Sterols;Trifolium Pratense (Clover) Flower Extract;Palmitoyl Oligopeptide;Palmitoyl Tetrapeptide-7;Retinol;Sodium Hyaluronate;Serenoa Serrulata Fruit Extract;Oenothera Biennis (Evening Primrose) Oil;Tocopherol;Ascorbyl Palmitate;Borago Officinalis Seed Oil;Dipeptide-2;Hesperidin Methyl Chalcone;Caprylic/Capric Triglyceride;Sodium PCA;Panthenol;Oleyl Alcohol;Steareth-20;Lecithin;Carbomer;Polysorbate 20;Sodium Potassium Aluminum Silicate;Aminomethyl Propanol;Disodium EDTA;Silica;Phenoxyethanol;Caprylyl Glycol;Chlorphenesin;Titanium Dioxide (CI 77891),",0.0,191.0,8904.0,4.0942,0.5,Eye Care,164.0,2.14,2.15,eye care,Medium (7k - 13k)
Eye cream,PEACE OUT,Puffy Under-Eye Patches,25,4.6,"Water, Butylene Glycol, Glycerin, Hydroxyacetophenone, 1,2-Hexanediol, Betaine, Caffeine, Peg-40 Hydrogenated Castor Oil, Pvp, Niacinamide, Tetrahydroxypropyl Ethylenediamine, Carbomer, Sodium Pca, Xanthan Gum, Cocos Nucifera (Coconut) Oil, Prunus Amygdalus Dulcis (Sweet Almond) Seed Extract, Tocopheryl Acetate, Fragrance, Passiflora Edulis Fruit Extract, Phenoxyethanol, Gardenia Taitensis Flower, Mesembryanthemum Crystallinum Callus Extract, Tocopherol.",1,1,1,1,1,puffy_under_eye_patches,peace_out,eye_cream,peace_out_puffy_under_eye_patches,0.0,187.0,12643.0,4.5134,,Eye Care,,2.41,1.48,"Butylene Glycol;Glycerin;Hydroxyacetophenone;1,2-Hexanediol;Betaine;Caffeine;Peg-40 Hydrogenated Castor Oil;Pvp;Niacinamide;Tetrahydroxypropyl Ethylenediamine;Carbomer;Sodium Pca;Xanthan Gum;Cocos Nucifera (Coconut) Oil;Prunus Amygdalus Dulcis (Sweet Almond) Seed Extract;Tocopheryl Acetate;Fragrance;Passiflora Edulis Fruit Extract;Phenoxyethanol;Gardenia Taitensis Flower;Mesembryanthemum Crystallinum Callus Extract;Tocopherol,",0.0,187.0,12643.0,4.5134,,Eye Care,,2.41,1.48,eye care,Medium (7k - 13k)
Eye cream,TARTE,Maracuja C-Brighter™ Eye Treatment,38,4.0,"Water, Glycerin, Butylene Glycol, Mangifera Indica (Mango) Seed Butter, Dimethicone, Hydrogenated Castor Oil Isostearate, Polyglyceryl-10 Pentastearate, Behenyl Alcohol, Cocos Nucifera (Coconut) Oil, Pentaerythrityl Tetraethylhexanoate, Tetrahexyldecyl Ascorbate, Caprylyl Methicone, Cetearyl Alcohol, Glyceryl Stearate, Sodium Stearoyl Lactylate, Panthenol, Caprylyl Glycol, Alcohol, Squalane, Polysorbate 80, Sodium Polyacrylate, Hydroxyethyl Acrylate/Sodium Acryloyldimethyl Taurate Copolymer, Cyclopentasiloxane, Mica, Dipropylene Glycol, Sodium Acrylate/Sodium Acryloyldimethyl Taurate Copolymer, Glycosphingolipids, Hordeum Vulgare Extract, Tocotrienols, Isohexadecane, Elaeis Guineensis (Palm) Oil, Tocopheryl Acetate, Dimethiconol, Dipotassium Glycyrrhizate, Chlorella Vulgaris Extract, Phospholipids, Adenosine, Tocopherol, Polysorbate 60, Sodium Hyaluronate, Sorbitan Isostearate, Disodium EDTA, 1,2-Hexanediol, Beta-Glucan, Passiflora Edulis Seed Oil, Ascorbyl Palmitate, Retinyl Palmitate, Phenoxyethanol, Sodium Benzoate, Titanium Dioxide (CI 77891).",1,1,1,1,1,maracuja_c_brighter_eye_treatment,tarte,eye_cream,tarte_maracuja_c_brighter_eye_treatment,,,,,,,,,,"Glycerin;Butylene Glycol;Mangifera Indica (Mango) Seed Butter;Dimethicone;Hydrogenated Castor Oil Isostearate;Polyglyceryl-10 Pentastearate;Behenyl Alcohol;Cocos Nucifera (Coconut) Oil;Pentaerythrityl Tetraethylhexanoate;Tetrahexyldecyl Ascorbate;Caprylyl Methicone;Cetearyl Alcohol;Glyceryl Stearate;Sodium Stearoyl Lactylate;Panthenol;Caprylyl Glycol;Alcohol;Squalane;Polysorbate 80;Sodium Polyacrylate;Hydroxyethyl Acrylate/Sodium Acryloyldimethyl Taurate Copolymer;Cyclopentasiloxane;Mica;Dipropylene Glycol;Sodium Acrylate/Sodium Acryloyldimethyl Taurate Copolymer;Glycosphingolipids;Hordeum Vulgare Extract;Tocotrienols;Isohexadecane;Elaeis Guineensis (Palm) Oil;Tocopheryl Acetate;Dimethiconol;Dipotassium Glycyrrhizate;Chlorella Vulgaris Extract;Phospholipids;Adenosine;Tocopherol;Polysorbate 60;Sodium Hyaluronate;Sorbitan Isostearate;Disodium EDTA;1,2-Hexanediol;Beta-Glucan;Passiflora Edulis Seed Oil;Ascorbyl Palmitate;Retinyl Palmitate;Phenoxyethanol;Sodium Benzoate;Titanium Dioxide (CI 77891),",0.0,815.0,41080.0,4.0147,0.35,,108.57,0.49,1.98,eye care,nan
Eye cream,BOBBI BROWN,Extra Eye Repair Cream,77,4.2,"Water, Petrolatum, Dimethicone, Butyrospermum Parkii (Shea Butter), Glycerin, Ceresin, Phenyl Trimethicone, Acetyl Glucosamine, Pentylene Glycol, Lauryl Peg-9 Polydimethylsiloxyethyl Dimethicone, Lanolin Alcohol, Camellia Sinensis (Green Tea) Leaf Extract, Olea Europaea (Olive) Fruit Extract, Triticum Vulgare (Wheat Bran) Extract, Scutellaria Baicalensis Root Extract, Ascophyllum Nodosum Extract, Asparagopsis Armata Extract, Pyrus Malus (Apple) Fruit Extract, Morus Bombycis (Mulberry) Root Extract, Salvia Sclarea (Clary) Extract, Oenothera Biennis (Evening Primrose) Oil, Limnanthes Alba (Meadowfoam) Seed Oil, Vitis Vinifera (Grape) Seed Oil, Tocopheryl Acetate, Caffeine, Sucrose, Silica, Cholesterol, Sorbitol, Di-C12-15 Alkyl Fumarate, Peg-30 Dipolyhydroxystearate, Behenyl Alcohol, Hydroxystearic Acid, Micrococcus Lysate, Peg-8 Distearate, Acetyl Hexapeptide-8, Trehalose, Linoleic Acid, Butylene Glycol, Sodium Hyaluronate, Lecithin, Potassium Stearate, Potassium Palmitate, Fragrance, Sodium Chloride, Trisodium Edta, Limonene, Benzyl Salicylate, Chlorphenesin, Phenoxyethanol",1,1,1,1,1,extra_eye_repair_cream,bobbi_brown,eye_cream,bobbi_brown_extra_eye_repair_cream,0.0,129.0,9447.0,4.2171,0.5,Eye Care,154.0,3.27,1.37,Petrolatum;Dimethicone;Butyrospermum Parkii (Shea Butter);Glycerin;Ceresin;Phenyl Trimethicone;Acetyl Glucosamine;Pentylene Glycol;Lauryl Peg-9 Polydimethylsiloxyethyl Dimethicone;Lanolin Alcohol;Camellia Sinensis (Green Tea) Leaf Extract;Olea Europaea (Olive) Fruit Extract;Triticum Vulgare (Wheat Bran) Extract;Scutellaria Baicalensis Root Extract;Ascophyllum Nodosum Extract;Asparagopsis Armata Extract;Pyrus Malus (Apple) Fruit Extract;Morus Bombycis (Mulberry) Root Extract;Salvia Sclarea (Clary) Extract;Oenothera Biennis (Evening Primrose) Oil;Limnanthes Alba (Meadowfoam) Seed Oil;Vitis Vinifera (Grape) Seed Oil;Tocopheryl Acetate;Caffeine;Sucrose;Silica;Cholesterol;Sorbitol;Di-C12-15 Alkyl Fumarate;Peg-30 Dipolyhydroxystearate;Behenyl Alcohol;Hydroxystearic Acid;Micrococcus Lysate;Peg-8 Distearate;Acetyl Hexapeptide-8;Trehalose;Linoleic Acid;Butylene Glycol;Sodium Hyaluronate;Lecithin;Potassium Stearate;Potassium Palmitate;Fragrance;Sodium Chloride;Trisodium Edta;Limonene;Benzyl Salicylate;Chlorphenesin;Phenoxyethanol,0.0,129.0,9447.0,4.2171,0.5,Eye Care,154.0,3.27,1.37,eye care,Medium (7k - 13k)
Eye cream,DR. BRANDT SKINCARE,needles no more® NO MORE BAGGAGE™ eye de-puffing gel,42,3.8,"Water, Sodium Magnesium Silicate, Propanediol, Magnesium Aluminum Silicate, Phenoxyethanol, Lecithin, Kappaphycus Alvarezii Extract, Caffeine, Synthetic, Fluorphlogopite, Acetyl Glutamine, Hesperidin Methyl Chalcone, Caesalpinia Spinosa Fruit Extract, Titanium Dioxide, Caprylyl Glycol, Ethylhexylglycerin, Hexylene Glycol, Steareth-20, Sh-Oligopeptide-1, Sh- Oligopeptide-2, Dipeptide-2, Sodium Hyaluronate, Sh-Polypeptide-1, Sh- Polypeptide-9, Sh-Polypeptide-11, Bacillus/Soybean/Folic Acid Ferment, Boswellia Serrata Extract, Centella Asiatica Extract, Palmitoyl Tetrapeptide-7, Butylene Glycol, Betula Alba Bark Extract, Chlorhexidine Digluconate, Tin Oxide, 1,2- Hexanediol, Potassium Sorbate, Polygonum Cuspidatum Root Extract, Peg-12 Dimethicone, Camellia Sinensis Leaf Extract, Sodium Benzoate, Iron Oxides (Ci 77491, Ci 77492).",1,1,1,1,1,needles_no_more_no_more_baggage_eye_de_puffing_gel,dr._brandt_skincare,eye_cream,dr._brandt_skincare_needles_no_more_no_more_baggage_eye_de_puffing_gel,,,,,,,,,,"Sodium Magnesium Silicate;Propanediol;Magnesium Aluminum Silicate;Phenoxyethanol;Lecithin;Kappaphycus Alvarezii Extract;Caffeine;Synthetic;Fluorphlogopite;Acetyl Glutamine;Hesperidin Methyl Chalcone;Caesalpinia Spinosa Fruit Extract;Titanium Dioxide;Caprylyl Glycol;Ethylhexylglycerin;Hexylene Glycol;Steareth-20;Sh-Oligopeptide-1;Sh- Oligopeptide-2;Dipeptide-2;Sodium Hyaluronate;Sh-Polypeptide-1;Sh- Polypeptide-9;Sh-Polypeptide-11;Bacillus/Soybean/Folic Acid Ferment;Boswellia Serrata Extract;Centella Asiatica Extract;Palmitoyl Tetrapeptide-7;Butylene Glycol;Betula Alba Bark Extract;Chlorhexidine Digluconate;Tin Oxide;1;2- Hexanediol;Potassium Sorbate;Polygonum Cuspidatum Root Extract;Peg-12 Dimethicone;Camellia Sinensis Leaf Extract;Sodium Benzoate;Iron Oxides (Ci 77491;Ci 77492),",0.0,1000.0,17351.0,3.7395,0.5,,84.0,0.37,5.76,eye care,nan
Eye cream,FRESH,Crème Ancienne® Eye Cream,125,4.3,"Limnanthes Alba (Meadowfoam) Seed Oil, Simmondsia Chinensis (Jojoba) Seed Oil, Water (Aqua), Beeswax (Cera Alba), Pentylene Glycol, Corn Starch Modified, Butylene Glycol, Sodium Carbonate Decahydrate, Anona Squamosa Seed Extract, Sucrose Tetrastearate Triacetate, Hippophae Rhamnoides Oil, Limonene, Citrus Medica Limonum (Lemon) Peel Oil, Phenoxyethanol, Osmanthus Fragrans Flower Extract, Rosa Damascena Flower Water, Anthemis Nobilis Flower Oil, Ethylhexylglycerin, Tocopherol, Citronellol, Geraniol, Rosmarinus Officinalis (Rosemary) Leaf Extract.",0,0,0,0,0,crème_ancienne_eye_cream,fresh,eye_cream,fresh_crème_ancienne_eye_cream,,,,,,,,,,"Limnanthes Alba (Meadowfoam) Seed Oil;Simmondsia Chinensis (Jojoba) Seed Oil;Water (Aqua);Beeswax (Cera Alba);Pentylene Glycol;Corn Starch Modified;Butylene Glycol;Sodium Carbonate Decahydrate;Anona Squamosa Seed Extract;Sucrose Tetrastearate Triacetate;Hippophae Rhamnoides Oil;Limonene;Citrus Medica Limonum (Lemon) Peel Oil;Phenoxyethanol;Osmanthus Fragrans Flower Extract;Rosa Damascena Flower Water;Anthemis Nobilis Flower Oil;Ethylhexylglycerin;Tocopherol;Citronellol;Geraniol;Rosmarinus Officinalis (Rosemary) Leaf Extract,",0.0,106.0,7859.0,4.2925,0.5,,256.0,4.05,1.35,eye care,nan
Eye cream,ORIGINS,Eye Doctor™ Moisture Care For Skin Around Eyes,41,4.1,"Water, Butylene Glycol, Myristyl Myristate, Caprylic/Capric Triglyceride, Squalane, Glyceryl Stearate, Tricaprylin, Peg-4 Dilaurate, Cetyl Alcohol, Citrus Limon (Lemon) Peel Oil*, Cucumis Sativus (Cucumber) Oil*, Ferula Galbaniflua (Galbanum) Resin Oil*, Benzyl Salicylate, Centella Asiatica (Hydrocotyl) Extract, Camellia Sinensis (Green Tea) Leaf Extract, Gigartina Stellata (Algae) Extract, Hypnea Musciformis (Algae) Extract, Triticum Vulgare (Wheat) Germ Extract, Cucumis Sativus (Cucumber) Fruit Extract, Hordeum Vulgare (Barley) Extract/Extrait D'Orge, Gellidiela Acerosa (Algae) Extract, Rosmarinus Officinalis (Rosemary) Leaf Extract, Panax Ginseng (Ginseng) Root Extract, Tocopheryl Linoleate/Oleate, Caffeine, Ethylhexylglycerin, Magnesium Ascorbyl Phosphate, Cetyl Ricinoleate, Bifida Ferment Lysate, Sodium Hyaluronate, Peg-100 Stearate, Steareth-20, Bis-Peg-18 Methyl Ether Dimethyl Silane, Glycerin, Dimethicone, Carbomer, Cetearyl Alcohol, Caprylyl Glycol, Potassium Hydroxide, Polysorbate 60, Hexylene Glycol, Disodium Edta, Bht, Phenoxyethanol * Essential Oil Please be aware that ingredient lists may change or vary from time to time.� Please refer to the ingredient list on the product package you receive for the most up to date list of ingredients.",0,0,0,0,0,eye_doctor_moisture_care_for_skin_around_eyes,origins,eye_cream,origins_eye_doctor_moisture_care_for_skin_around_eyes,,,,,,,,,,"Butylene Glycol;Myristyl Myristate;Caprylic/Capric Triglyceride;Squalane;Glyceryl Stearate;Tricaprylin;Peg-4 Dilaurate;Cetyl Alcohol;Citrus Limon (Lemon) Peel Oil*;Cucumis Sativus (Cucumber) Oil*;Ferula Galbaniflua (Galbanum) Resin Oil*;Benzyl Salicylate;Centella Asiatica (Hydrocotyl) Extract;Camellia Sinensis (Green Tea) Leaf Extract;Gigartina Stellata (Algae) Extract;Hypnea Musciformis (Algae) Extract;Triticum Vulgare (Wheat) Germ Extract;Cucumis Sativus (Cucumber) Fruit Extract;Hordeum Vulgare (Barley) Extract/Extrait D'Orge;Gellidiela Acerosa (Algae) Extract;Rosmarinus Officinalis (Rosemary) Leaf Extract;Panax Ginseng (Ginseng) Root Extract;Tocopheryl Linoleate/Oleate;Caffeine;Ethylhexylglycerin;Magnesium Ascorbyl Phosphate;Cetyl Ricinoleate;Bifida Ferment Lysate;Sodium Hyaluronate;Peg-100 Stearate;Steareth-20;Bis-Peg-18 Methyl Ether Dimethyl Silane;Glycerin;Dimethicone;Carbomer;Cetearyl Alcohol;Caprylyl Glycol;Potassium Hydroxide;Polysorbate 60;Hexylene Glycol;Disodium Edta;Bht;Phenoxyethanol * Essential Oil Please be aware that ingredient lists may change or vary from time to time,� Please refer to the ingredient list on the product package you receive for the most up to date list of ingredients,",1.0,443.0,23761.0,4.0587,0.5,,82.0,0.92,1.86,eye care,nan
Eye cream,YOUTH TO THE PEOPLE,Superfood Peptide Eye Cream,35,4.0,"Water, Organic Glycerin, Organic Brassica Oleracea (Kale) Leaf Extract, Organic Spinacia Oleracea (Spinach) Leaf Extract, Organic Camellia Sinensis ( Green Tea) Leaf Extract, Organic Chamomilla Recutita (Matricaria) Flower Extract, Organic Medicago Sativa (Alfalfa) Extract, Organic Aloe Barbadensis (Aloe) Leaf Extract, Organic Spirulina Platensis (Spirulina) Extract, Palmitoyl Tripeptide-5, Palmitoyl Dipeptide-5 Diaminobutyroyl Hydroxythreonine, Tetradecyl Aminobutyroylvalylaminobutyric Urea Trifluoroacetate, Sodium Hyaluronate Crosspolymer, Helianthus Annuus (Sunflower) Seed Oil, Stearic Acid, Glyceryl Stearate, Cetyl Alcohol, Lecithin, Ascorbic Acid (Vitamin C), Panthenol (Vitamin B5), Sodium Hyaluronate, Tocopheryl Acetate (Vitamin E), Natural Fragrance, Hydroxyethylcellulose, Pentylene Glycol, Ethylhexylglycerin, Magnesium Chloride, Phenoxyethanol, Potassium Sorbate.",1,1,1,1,1,superfood_peptide_eye_cream,youth_to_the_people,eye_cream,youth_to_the_people_superfood_peptide_eye_cream,1.0,132.0,15552.0,4.0076,0.5,Eye Care,70.0,3.04,0.85,"Organic Glycerin;Organic Brassica Oleracea (Kale) Leaf Extract;Organic Spinacia Oleracea (Spinach) Leaf Extract;Organic Camellia Sinensis ( Green Tea) Leaf Extract;Organic Chamomilla Recutita (Matricaria) Flower Extract;Organic Medicago Sativa (Alfalfa) Extract;Organic Aloe Barbadensis (Aloe) Leaf Extract;Organic Spirulina Platensis (Spirulina) Extract;Palmitoyl Tripeptide-5;Palmitoyl Dipeptide-5 Diaminobutyroyl Hydroxythreonine;Tetradecyl Aminobutyroylvalylaminobutyric Urea Trifluoroacetate;Sodium Hyaluronate Crosspolymer;Helianthus Annuus (Sunflower) Seed Oil;Stearic Acid;Glyceryl Stearate;Cetyl Alcohol;Lecithin;Ascorbic Acid (Vitamin C);Panthenol (Vitamin B5);Sodium Hyaluronate;Tocopheryl Acetate (Vitamin E);Natural Fragrance;Hydroxyethylcellulose;Pentylene Glycol;Ethylhexylglycerin;Magnesium Chloride;Phenoxyethanol;Potassium Sorbate,",1.0,132.0,15552.0,4.0076,0.5,Eye Care,70.0,3.04,0.85,eye care,High (13k - 26k)
Eye cream,BOBBI BROWN,Hydrating Eye Cream,54,4.1,"Water, Ethylhexyl Palmitate, Squalane, Butylene Glycol, Cetyl Alcohol, Glyceryl Stearate, Hydrogenated Vegetable Oil, Simmondsia Chinensis (Jojoba) Seed Oil, Persea Gratissima (Avocado) Oil, Hamamelis Virginiana (Witch Hazel) Extract, Aloe Barbadensis Leaf Juice, Cholesterol, Peg-100 Stearate, Glycerin, Sodium Pca, Trehalose, Ascorbyl Palmitate, Ethylhexylglycerin, Hydroxyproline, Proline, Acrylates Copolymer, Phytantriol, Glycine, Linoleic Acid, Phytosphingosine, Sodium Hydroxide, Tocopheryl Acetate, Sodium Hyaluronate, Tocopherol, Carbomer, Disodium Edta, Phenoxyethanol.",0,0,0,0,0,hydrating_eye_cream,bobbi_brown,eye_cream,bobbi_brown_hydrating_eye_cream,0.0,380.0,17924.0,4.1053,0.5,Eye Care,108.0,1.08,2.12,"Ethylhexyl Palmitate;Squalane;Butylene Glycol;Cetyl Alcohol;Glyceryl Stearate;Hydrogenated Vegetable Oil;Simmondsia Chinensis (Jojoba) Seed Oil;Persea Gratissima (Avocado) Oil;Hamamelis Virginiana (Witch Hazel) Extract;Aloe Barbadensis Leaf Juice;Cholesterol;Peg-100 Stearate;Glycerin;Sodium Pca;Trehalose;Ascorbyl Palmitate;Ethylhexylglycerin;Hydroxyproline;Proline;Acrylates Copolymer;Phytantriol;Glycine;Linoleic Acid;Phytosphingosine;Sodium Hydroxide;Tocopheryl Acetate;Sodium Hyaluronate;Tocopherol;Carbomer;Disodium Edta;Phenoxyethanol,",0.0,380.0,17924.0,4.1053,0.5,Eye Care,108.0,1.08,2.12,eye care,High (13k - 26k)
Eye cream,SUNDAY RILEY,Auto Correct Brightening and Depuffing Eye Contour Cream,65,3.3,"Water, PEG-8 Beeswax, Caprylyl Caprylate/Caprate, C10-18 Triglycerides, Hydroxyethyl Acrylate/Sodium Acryloyldimethyl Taurate Copolymer, Phenyl Trimethicone, Trimethylsiloxysilicate, Polypropylsilsesquioxane, Polyglyceryl-6 Distearate, Glycerin, Jojoba Esters, Butyrospermum Parkii (Shea) Butter Polyglyceryl-3 Beeswax, Cetyl Alcohol, Dimethicone, Polysilicone-11, Theobroma Cacao (Cocoa) Seed Butter, Fructose, Aesculus Hippocastanum (Horse Chestnut) Extract, Methylpropanediol, Acmella Oleracea Extract, Caprylyl Glycol, Caffeine, Citrullus Vulgaris (Watermelon) Fruit Extract, Pyrus Malus (Apple) Fruit Extract, Lens Esculenta (Lentil) Fruit Extract, Sodium PCA, Sodium Lactate, Butylene Glycol, PEG-40 Hydrogenated Castor Oil, Ptychopetalum Olacoides Bark/Stem Extract, Pfaffia Paniculata (Brazilian Ginseng) Root Extract, Lilium Candidum Flower Extract, Phenoxyethanol, Glycolic Acid, Alcohol (from plant extracts), Synthetic Fluorphlogopite, Silica, Mica, Titanium Dioxide, Sodium Phytate, Carthamus Tinctorius Seed Oil, Tagetes Erecta (Marigold) Flower Extract, Anthemis Nobilis (Roman Chamomile) Oil.",1,1,1,1,1,auto_correct_brightening_and_depuffing_eye_contour_cream,sunday_riley,eye_cream,sunday_riley_auto_correct_brightening_and_depuffing_eye_contour_cream,0.0,302.0,16454.0,3.3477,0.5,Eye Care,130.0,1.11,1.84,"PEG-8 Beeswax;Caprylyl Caprylate/Caprate;C10-18 Triglycerides;Hydroxyethyl Acrylate/Sodium Acryloyldimethyl Taurate Copolymer;Phenyl Trimethicone;Trimethylsiloxysilicate;Polypropylsilsesquioxane;Polyglyceryl-6 Distearate;Glycerin;Jojoba Esters;Butyrospermum Parkii (Shea) Butter Polyglyceryl-3 Beeswax;Cetyl Alcohol;Dimethicone;Polysilicone-11;Theobroma Cacao (Cocoa) Seed Butter;Fructose;Aesculus Hippocastanum (Horse Chestnut) Extract;Methylpropanediol;Acmella Oleracea Extract;Caprylyl Glycol;Caffeine;Citrullus Vulgaris (Watermelon) Fruit Extract;Pyrus Malus (Apple) Fruit Extract;Lens Esculenta (Lentil) Fruit Extract;Sodium PCA;Sodium Lactate;Butylene Glycol;PEG-40 Hydrogenated Castor Oil;Ptychopetalum Olacoides Bark/Stem Extract;Pfaffia Paniculata (Brazilian Ginseng) Root Extract;Lilium Candidum Flower Extract;Phenoxyethanol;Glycolic Acid;Alcohol (from plant extracts);Synthetic Fluorphlogopite;Silica;Mica;Titanium Dioxide;Sodium Phytate;Carthamus Tinctorius Seed Oil;Tagetes Erecta (Marigold) Flower Extract;Anthemis Nobilis (Roman Chamomile) Oil,",0.0,302.0,16454.0,3.3477,0.5,Eye Care,130.0,1.11,1.84,eye care,High (13k - 26k)
Eye cream,SHISEIDO,Bio-Performance LiftDynamic Eye Treatment,72,3.9,"Water, Pentaerythrityl Tetraethylhexanoate, Hydrogenated Polydecene, Dimethicone, Butylene Glycol, Glycerin, Dipropylene Glycol, Behenyl Alcohol, Peg/Ppg-14/7 Dimethyl Ether, Hydrogenated Polyisobutene, Stearyl Alcohol, Dimethicone Crosspolymer, Hydrogenated Palm Oil, Beheneth-20, Mineral Oil(Paraffinum Liquidum/Huile Minerale), Phenoxyethanol, Myristyl Myristate, Polyvinyl Alcohol, Tocopheryl Acetate, Elaeis Guineensis (Palm) Kernel Oil, Elaeis Guineensis (Palm) Oil, Dimethylacrylamide/Sodium Acryloyldimethyltaurate Crosspolymer, Microcrystalline Wax(Cera Microcristallina/Cire Microcristalline), Paraffin, Disodium Edta, Caffeine, Retinyl Acetate, Sodium Citrate, Helianthus Annuus (Sunflower) Seed Oil, Fragrance (Parfum), Bht, Limonene, Citric Acid, Sodium Metaphosphate, Inositol, Hexyl Cinnamal, Benzyl Benzoate, Butylphenyl Methylpropional, Alcohol, Linalool, Sodium Metabisulfite, Saccharomyces Ferment Lysate Filtrate, Sodium Acetylated Hyaluronate, Iron Oxides (Ci 77492), Rosmarinus Officinalis (Rosemary) Leaf Extract (Rosmarinus Officinalis Leaf Extract), Alpha-Isomethyl Ionone, Thymus Serpillum Extract, Citronellol, Geraniol, Tocopherol, Iron Oxides (Ci 77491), Panax Ginseng Root Extract, Bupleurum Falcatum Root Extract.",1,1,1,1,1,bio_performance_liftdynamic_eye_treatment,shiseido,eye_cream,shiseido_bio_performance_liftdynamic_eye_treatment,0.0,20.0,4010.0,3.7,0.52,Eye Care,144.23,18.5,0.5,"Pentaerythrityl Tetraethylhexanoate;Hydrogenated Polydecene;Dimethicone;Butylene Glycol;Glycerin;Dipropylene Glycol;Behenyl Alcohol;Peg/Ppg-14/7 Dimethyl Ether;Hydrogenated Polyisobutene;Stearyl Alcohol;Dimethicone Crosspolymer;Hydrogenated Palm Oil;Beheneth-20;Mineral Oil(Paraffinum Liquidum/Huile Minerale);Phenoxyethanol;Myristyl Myristate;Polyvinyl Alcohol;Tocopheryl Acetate;Elaeis Guineensis (Palm) Kernel Oil;Elaeis Guineensis (Palm) Oil;Dimethylacrylamide/Sodium Acryloyldimethyltaurate Crosspolymer;Microcrystalline Wax(Cera Microcristallina/Cire Microcristalline);Paraffin;Disodium Edta;Caffeine;Retinyl Acetate;Sodium Citrate;Helianthus Annuus (Sunflower) Seed Oil;Fragrance (Parfum);Bht;Limonene;Citric Acid;Sodium Metaphosphate;Inositol;Hexyl Cinnamal;Benzyl Benzoate;Butylphenyl Methylpropional;Alcohol;Linalool;Sodium Metabisulfite;Saccharomyces Ferment Lysate Filtrate;Sodium Acetylated Hyaluronate;Iron Oxides (Ci 77492);Rosmarinus Officinalis (Rosemary) Leaf Extract (Rosmarinus Officinalis Leaf Extract);Alpha-Isomethyl Ionone;Thymus Serpillum Extract;Citronellol;Geraniol;Tocopherol;Iron Oxides (Ci 77491);Panax Ginseng Root Extract;Bupleurum Falcatum Root Extract,",0.0,20.0,4010.0,3.7,0.52,Eye Care,144.23,18.5,0.5,eye care,Low (3k - 7k)
Eye cream,MURAD,Retinol Youth Renewal Eye Serum,85,4.2,"Water, Glycerin, Butylene Glycol, Dimethyl Isosorbide, Meadowfoam Delta-Lactone, Retinyl Propionate, Retinol, Swertia Chirata Leaf Extract, Urea, Yeast Amino Acids, Trehalose, Inositol, Taurine, Betaine, Fucus Vesiculosus Extract, Imperata Cylindrica Root Extract, Glycine Soja (Soybean) Extract, Macrocystis Pyrifera (Kelp) Extract, Hydrolyzed Vegetable Protein, Isopropyl Palmitate, Lecithin, PVP, Hexylene Glycol, Caprylyl Glycol, Xanthan Gum, Punica Granatum Seed Oil, Caprylic/Capric Triglyceride, PVM/MA Decadiene Crosspolymer, PEG-8, Carbomer, Sodium Bisulfite, Silica, Sodium Hydroxide, Chlorphenesin, Phenoxyethanol, Fragrance, Red 4 (CI 14700), Yellow 5 (CI 19140).",1,1,1,1,1,retinol_youth_renewal_eye_serum,murad,eye_cream,murad_retinol_youth_renewal_eye_serum,0.0,29.0,7264.0,4.3103,0.5,Eye Care,170.0,14.86,0.4,"Glycerin;Butylene Glycol;Dimethyl Isosorbide;Meadowfoam Delta-Lactone;Retinyl Propionate;Retinol;Swertia Chirata Leaf Extract;Urea;Yeast Amino Acids;Trehalose;Inositol;Taurine;Betaine;Fucus Vesiculosus Extract;Imperata Cylindrica Root Extract;Glycine Soja (Soybean) Extract;Macrocystis Pyrifera (Kelp) Extract;Hydrolyzed Vegetable Protein;Isopropyl Palmitate;Lecithin;PVP;Hexylene Glycol;Caprylyl Glycol;Xanthan Gum;Punica Granatum Seed Oil;Caprylic/Capric Triglyceride;PVM/MA Decadiene Crosspolymer;PEG-8;Carbomer;Sodium Bisulfite;Silica;Sodium Hydroxide;Chlorphenesin;Phenoxyethanol;Fragrance;Red 4 (CI 14700);Yellow 5 (CI 19140),",0.0,29.0,7264.0,4.3103,0.5,Eye Care,170.0,14.86,0.4,eye care,Medium (7k - 13k)
Eye cream,FIRST AID BEAUTY,"Eye Duty Triple Remedy: Brighten, Depuff and Smooth",36,4.0,"Water, Glycerin, Cyclopentasiloxane, Dimethicone, Pentylene Glycol, Isononyl Isononanoate, Polyglyceryl-3 Polydimethylsiloxyethyl Dimethicone, Hydroxyethyl Acrylate/Sodium Acryloyldimethyl Taurate Copolymer, Caffeine, Corallina Officinalis Extract, Camellia Sinensis Leaf Extract, Chrysanthemum Parthenium (Feverfew) Extract, Glycyrrhiza Glabra (Licorice) Root Extract, Retinyl Palmitate, Aminobutyric Acid, Tocopherol, Hydrogenated Lecithin, Ethylhexyl Methoxycrylene, Isopropyl Myristate, Isohexadecane, Diethylhexyl Syringylidenemalonate, Hydrogenated Phosphatidylcholine, Sodium Polymethacrylate, Polysorbate 60, Isopropyl Titanium Triisostearate, Stearalkonium Hectorite, Polysilicone-11, Xanthan Gum, Sorbitan Isostearate, Aluminum Hydroxide, Stearic Acid, Polyester-8, Propylene Carbonate, Polyhydroxystearic Acid, Phenoxyethanol, Benzyl Alcohol, Potassium Sorbate, Sodium Benzoate, CI 77491, 77492 (Iron Oxides), CI 77891 (Titanium Dioxide).",1,1,1,1,1,"eye_duty_triple_remedy:_brighten,_depuff_and_smooth",first_aid_beauty,eye_cream,"first_aid_beauty_eye_duty_triple_remedy:_brighten,_depuff_and_smooth",0.0,675.0,43522.0,3.9807,0.34,Eye Care,105.88,0.59,1.55,"Glycerin;Cyclopentasiloxane;Dimethicone;Pentylene Glycol;Isononyl Isononanoate;Polyglyceryl-3 Polydimethylsiloxyethyl Dimethicone;Hydroxyethyl Acrylate/Sodium Acryloyldimethyl Taurate Copolymer;Caffeine;Corallina Officinalis Extract;Camellia Sinensis Leaf Extract;Chrysanthemum Parthenium (Feverfew) Extract;Glycyrrhiza Glabra (Licorice) Root Extract;Retinyl Palmitate;Aminobutyric Acid;Tocopherol;Hydrogenated Lecithin;Ethylhexyl Methoxycrylene;Isopropyl Myristate;Isohexadecane;Diethylhexyl Syringylidenemalonate;Hydrogenated Phosphatidylcholine;Sodium Polymethacrylate;Polysorbate 60;Isopropyl Titanium Triisostearate;Stearalkonium Hectorite;Polysilicone-11;Xanthan Gum;Sorbitan Isostearate;Aluminum Hydroxide;Stearic Acid;Polyester-8;Propylene Carbonate;Polyhydroxystearic Acid;Phenoxyethanol;Benzyl Alcohol;Potassium Sorbate;Sodium Benzoate;CI 77491;77492 (Iron Oxides);CI 77891 (Titanium Dioxide),",0.0,675.0,43522.0,3.9807,0.34,Eye Care,105.88,0.59,1.55,eye care,Very High (26k - 193k)
Eye cream,OLEHENRIKSEN,Uplifting Transformation™ Eye Crème,42,3.9,Visit the OLEHENRIKSEN boutique,1,1,1,1,1,uplifting_transformation_eye_crème,olehenriksen,eye_cream,olehenriksen_uplifting_transformation_eye_crème,,,,,,,,,,Visit the OLEHENRIKSEN boutique,0.0,133.0,7789.0,3.9474,0.5,,84.0,2.97,1.71,eye care,nan
Eye cream,KIEHL'S SINCE 1851,Powerful Wrinkle Reducing Eye Cream,43,3.9,"Water, Glycerin, Cyclohexasiloxane, Propylene Glycol, Cetyl Alcohol, Stearyl Alcohol, Squalane, Stearic Acid, Palmitic Acid, Peg-100 Stearate, Beeswax, Glyceryl Stearate, Nylon-12, Aluminum Starch Octenylsuccinate, Peg-20 Stearate, Phenoxyethanol, Butylene Glycol, Methyl Methacrylate Crosspolymer, Caprylyl Glycol, Panthenol, Tocopheryl Acetate, Chlorphenesin, Caffeine, Sodium Hyaluronate, Calcium Pca, Acrylates Copolymer, Adenosine, Sodium Hydroxide, Hydroxypalmitoyl Sphinganine, Copper Pca, Alteromonas Ferment Extract, Corallina Officinalis Extract.",1,1,1,1,1,powerful_wrinkle_reducing_eye_cream,kiehl's_since_1851,eye_cream,kiehl's_since_1851_powerful_wrinkle_reducing_eye_cream,0.0,22.0,3241.0,3.9091,0.5,Eye Care,86.0,17.77,0.68,"Glycerin;Cyclohexasiloxane;Propylene Glycol;Cetyl Alcohol;Stearyl Alcohol;Squalane;Stearic Acid;Palmitic Acid;Peg-100 Stearate;Beeswax;Glyceryl Stearate;Nylon-12;Aluminum Starch Octenylsuccinate;Peg-20 Stearate;Phenoxyethanol;Butylene Glycol;Methyl Methacrylate Crosspolymer;Caprylyl Glycol;Panthenol;Tocopheryl Acetate;Chlorphenesin;Caffeine;Sodium Hyaluronate;Calcium Pca;Acrylates Copolymer;Adenosine;Sodium Hydroxide;Hydroxypalmitoyl Sphinganine;Copper Pca;Alteromonas Ferment Extract;Corallina Officinalis Extract,",0.0,22.0,3241.0,3.9091,0.5,Eye Care,86.0,17.77,0.68,eye care,Very Low (0 - 3k)
Eye cream,FARMACY,Dew It All Total Eye Cream with Echinacea GreenEnvy™,38,4.1,"Water, Glycerin, Coco-Caprylate/Caprate, Jojoba Esters, Copernicia Cerifera (Carnauba) Wax, Cetyl Alcohol, Caprylic/Capric Triglyceride, Cetearyl Alcohol, Glyceryl Stearate, Candelilla/Jojoba/Rice Bran Polyglyceryl-3 Esters, Undecane, Adansonia Digitata Seed Oil, Gluconolactone, Echinacea Purpurea Root Extract, Tridecane, Sodium Stearoyl Lactylate, Arachidyl Alcohol, Ribose, Butyrospermum Parkii (Shea) Butter, Xanthan Gum, Potassium Sorbate, Behenyl Alcohol, Strelitzia Nicolai Seed Aril Extract, Sodium Benzoate, Cetearyl Glucoside, Arachidyl Glucoside, Sodium Hydroxide, Hydrolyzed Hyaluronic Acid, Gellan Gum, Allantoin, Sodium Phytate, Cellulose Gum, Melia Azadirachta Leaf Extract, Melia Azadirachta Flower Extract, Amino-Esters-1, Calendula Officinalis Flower Extract, Chamomilla Recutita (Matricaria) Flower Extract, Benzyl Alcohol, Opuntia Ficus-Indica Extract, Calcium Gluconate, Coccinia Indica Fruit Extract, Rosa Canina Fruit Extract, Aloe Barbadensis Flower Extract, Algae Extract, Salicylic Acid, Ocimum Sanctum Leaf Extract, Curcuma Longa (Turmeric) Root Extract, Ocimum Basilicum (Basil) Extract, Sorbic Acid, Lactic Acid, Sodium Chloride, Sodium Glycolate, Corralina Officinalis Extract.",1,1,1,0,1,dew_it_all_total_eye_cream_with_echinacea_greenenvy,farmacy,eye_cream,farmacy_dew_it_all_total_eye_cream_with_echinacea_greenenvy,,,,,,,,,,"Glycerin;Coco-Caprylate/Caprate;Jojoba Esters;Copernicia Cerifera (Carnauba) Wax;Cetyl Alcohol;Caprylic/Capric Triglyceride;Cetearyl Alcohol;Glyceryl Stearate;Candelilla/Jojoba/Rice Bran Polyglyceryl-3 Esters;Undecane;Adansonia Digitata Seed Oil;Gluconolactone;Echinacea Purpurea Root Extract;Tridecane;Sodium Stearoyl Lactylate;Arachidyl Alcohol;Ribose;Butyrospermum Parkii (Shea) Butter;Xanthan Gum;Potassium Sorbate;Behenyl Alcohol;Strelitzia Nicolai Seed Aril Extract;Sodium Benzoate;Cetearyl Glucoside;Arachidyl Glucoside;Sodium Hydroxide;Hydrolyzed Hyaluronic Acid;Gellan Gum;Allantoin;Sodium Phytate;Cellulose Gum;Melia Azadirachta Leaf Extract;Melia Azadirachta Flower Extract;Amino-Esters-1;Calendula Officinalis Flower Extract;Chamomilla Recutita (Matricaria) Flower Extract;Benzyl Alcohol;Opuntia Ficus-Indica Extract;Calcium Gluconate;Coccinia Indica Fruit Extract;Rosa Canina Fruit Extract;Aloe Barbadensis Flower Extract;Algae Extract;Salicylic Acid;Ocimum Sanctum Leaf Extract;Curcuma Longa (Turmeric) Root Extract;Ocimum Basilicum (Basil) Extract;Sorbic Acid;Lactic Acid;Sodium Chloride;Sodium Glycolate;Corralina Officinalis Extract,",1.0,346.0,23190.0,4.0173,0.5,,76.0,1.16,1.49,eye care,nan
Eye cream,KORRES,"Black Pine 3D Sculpting, Firming & Lifting Super Eye Serum",65,4.2,"Water, Glycerin, Ethylene/Acrylic Acid Copolymer, Acrylates/C10-30 Alkyl Acrylate Crosspolymer, Albizia Julibrissin Bark Extract, Avena Sativa (Oat) Kernel Extract, Benzyl Alcohol, Butylene Glycol, Ci 77891/Titanium Dioxide, Citric Acid, Copper Lysinate/Prolinate, Darutoside, Epigallocatechin Gallate,Epigallocatechin Gallatyl Glucoside, Glyceryl Stearate Citrate, Hexapeptide-11, Hydrolyzed Sodium Hyaluronate, Lonicera Caprifolium (Honeysuckle) Flower Extract, Lonicera Japonica (Honeysuckle) Flower Extract, Methylglucoside Phosphate, Mica, Panthenol, Parfum/Fragrance, Pentylene Glycol,Peucedanum Graveolens (Dill) Extract, Phenoxyethanol, Pinus Nigra Bud/Needle Extract, Poloxamer 338, Polyacrylate Crosspolymer-6, Polyglyceryl-5 Laurate, Silica, Sodium Benzoate, Sodium Hyaluronate, Sodium Hydroxide, Tamarindus Indica Seed Gum, Xanthan Gum.",1,1,1,1,1,"black_pine_3d_sculpting,_firming_lifting_super_eye_serum",korres,eye_cream,"korres_black_pine_3d_sculpting,_firming_lifting_super_eye_serum",1.0,101.0,7737.0,4.1881,0.51,Eye Care,127.45,4.15,1.31,"Glycerin;Ethylene/Acrylic Acid Copolymer;Acrylates/C10-30 Alkyl Acrylate Crosspolymer;Albizia Julibrissin Bark Extract;Avena Sativa (Oat) Kernel Extract;Benzyl Alcohol;Butylene Glycol;Ci 77891/Titanium Dioxide;Citric Acid;Copper Lysinate/Prolinate;Darutoside;Epigallocatechin Gallate;Epigallocatechin Gallatyl Glucoside;Glyceryl Stearate Citrate;Hexapeptide-11;Hydrolyzed Sodium Hyaluronate;Lonicera Caprifolium (Honeysuckle) Flower Extract;Lonicera Japonica (Honeysuckle) Flower Extract;Methylglucoside Phosphate;Mica;Panthenol;Parfum/Fragrance;Pentylene Glycol;Peucedanum Graveolens (Dill) Extract;Phenoxyethanol;Pinus Nigra Bud/Needle Extract;Poloxamer 338;Polyacrylate Crosspolymer-6;Polyglyceryl-5 Laurate;Silica;Sodium Benzoate;Sodium Hyaluronate;Sodium Hydroxide;Tamarindus Indica Seed Gum;Xanthan Gum,",1.0,101.0,7737.0,4.1881,0.51,Eye Care,127.45,4.15,1.31,eye care,Medium (7k - 13k)
Eye cream,SHISEIDO,White Lucent Anti-Dark Circles Eye Cream,60,3.6,Visit the Shiseido boutique,0,0,0,0,0,white_lucent_anti_dark_circles_eye_cream,shiseido,eye_cream,shiseido_white_lucent_anti_dark_circles_eye_cream,0.0,345.0,10874.0,3.6116,0.5,Eye Care,126.0,1.05,3.17,Visit the Shiseido boutique,0.0,345.0,10874.0,3.6116,0.5,Eye Care,126.0,1.05,3.17,eye care,Medium (7k - 13k)
Eye cream,PERRICONE MD,Hypoallergenic Firming Eye Cream,72,4.4,Visit the Perricone MD boutique,1,1,1,1,1,hypoallergenic_firming_eye_cream,perricone_md,eye_cream,perricone_md_hypoallergenic_firming_eye_cream,0.0,427.0,8886.0,4.3888,0.5,Eye Care,144.0,1.03,4.81,Visit the Perricone MD boutique,0.0,427.0,8886.0,4.3888,0.5,Eye Care,144.0,1.03,4.81,eye care,Medium (7k - 13k)
Eye cream,EDIBLE BEAUTY,Gold Rush Eye Balm,61,4.5,"Water, Organic Cocos Nucifera (Coconut) Oil, Cetearyl Olivate, Organic Passiflora Incarnata Flower Extract, Verbena Officinalis Extract, Sorbiton Olivate, Coffea Arabica (Coffee) Extract, Tilia Cordata (Linden) Flower Extract, Glycerin, Vaccinium Corymbosum (Blueberry) Oil, Organic Centella Asiatica (Gotu Kola) Extract, Organic Equisetum Arvense Horsetail) Extract, Sodium Levulinate, Sodium Anisate, Cucumis Sativus (Cucumber) Extract, Sclerotium Gum, Gold Leaf (Edible), Glyceryl Caprylate.",1,1,1,1,1,gold_rush_eye_balm,edible_beauty,eye_cream,edible_beauty_gold_rush_eye_balm,1.0,57.0,5943.0,4.2105,0.3,Eye Care,216.67,7.39,0.96,"Organic Cocos Nucifera (Coconut) Oil;Cetearyl Olivate;Organic Passiflora Incarnata Flower Extract;Verbena Officinalis Extract;Sorbiton Olivate;Coffea Arabica (Coffee) Extract;Tilia Cordata (Linden) Flower Extract;Glycerin;Vaccinium Corymbosum (Blueberry) Oil;Organic Centella Asiatica (Gotu Kola) Extract;Organic Equisetum Arvense Horsetail) Extract;Sodium Levulinate;Sodium Anisate;Cucumis Sativus (Cucumber) Extract;Sclerotium Gum;Gold Leaf (Edible);Glyceryl Caprylate,",1.0,57.0,5943.0,4.2105,0.3,Eye Care,216.67,7.39,0.96,eye care,Low (3k - 7k)
Eye cream,SEPHORA COLLECTION,Eye Mask - Cucumber - Anti-Puffiness,5,3.0,Visit the SEPHORA COLLECTION boutique,0,0,0,0,0,eye_mask_cucumber_anti_puffiness,sephora_collection,eye_cream,sephora_collection_eye_mask_cucumber_anti_puffiness,,,,,,,,,,Visit the SEPHORA COLLECTION boutique,,,,,,,,,,eye care,nan
Eye cream,CLINIQUE,Repairwear Laser Focus Wrinkle Correcting Eye Cream,45,3.9,"Water , Squalane , Butylene Glycol , Ethylhexyl Palmitate , Glycerin , Caprylic/Capric/Myristic/Stearic Triglyceride , Dimethicone , Methyl Gluceth-20 , Peg-100 Stearate , Cetyl Alcohol , Glyceryl Stearate , Peg-8 , Polymethylsilsesquioxane , Hydrogenated Lecithin , Hypnea Musciformis (Algae) Extract , Gellidiela Acerosa (Algae) Extract , Sigesbeckia Orientalis (St. Paul'S Wort) Extract , Crithmum Maritimum Extract , Hordeum Vulgare (Barley) Extract/Extrait D'Orge , Chlorella Vulgaris Extract , Cucumis Sativus (Cucumber) Fruit Extract , Rosmarinus Officinalis (Rosemary) Leaf Extract , Padina Pavonica Thallus Extract , Laminaria Digitata Extract , Camellia Sinensis Leaf Extract , Saccharomyces Ferment Filtrate , Whey Protein/Lactis Protein/Proteine Du Petit-Lait , Hydrogenated Vegetable Oil , Micrococcus Lysate , Persea Gratissima (Avocado) Sterols , Ergothioneine , Biotin , Acetyl Glucosamine , Caffeine , Lecithin , Palmitoyl Oligopeptide , Glyceryl Polymethacrylate , Caprylic/Capric Triglyceride , Polysilicone-11 , Propylene Glycol Dicaprate , Tocopheryl Acetate , Sucrose , Trehalose , Pentylene Glycol , Carbomer , Helianthus Annuus (Sunflower) Seedcake , Tromethamine , Phytosphingosine , Tetrahexyldecyl Ascorbate , Cholesterol , Zinc Pca , Hexylene Glycol , Hydroxyethylcellulose , Sodium Hyaluronate , Potassium Sulfate , Citric Acid , Caprylyl Glycol , Sodium Citrate , Disodium Distyrylbiphenyl Disulfonate , Disodium Edta , Phenoxyethanol , Titanium Dioxide (Ci 77891) Please be aware that ingredient lists may change or vary from time to time.� Please refer to the ingredient list on the product package you receive for the most up to date list of ingredients.",0,0,0,0,0,repairwear_laser_focus_wrinkle_correcting_eye_cream,clinique,eye_cream,clinique_repairwear_laser_focus_wrinkle_correcting_eye_cream,0.0,136.0,7865.0,3.8529,0.5,Eye Care,90.0,2.83,1.73,"Squalane;Butylene Glycol;Ethylhexyl Palmitate;Glycerin;Caprylic/Capric/Myristic/Stearic Triglyceride;Dimethicone;Methyl Gluceth-20;Peg-100 Stearate;Cetyl Alcohol;Glyceryl Stearate;Peg-8;Polymethylsilsesquioxane;Hydrogenated Lecithin;Hypnea Musciformis (Algae) Extract;Gellidiela Acerosa (Algae) Extract;Sigesbeckia Orientalis (St, Paul'S Wort) Extract;Crithmum Maritimum Extract;Hordeum Vulgare (Barley) Extract/Extrait D'Orge;Chlorella Vulgaris Extract;Cucumis Sativus (Cucumber) Fruit Extract;Rosmarinus Officinalis (Rosemary) Leaf Extract;Padina Pavonica Thallus Extract;Laminaria Digitata Extract;Camellia Sinensis Leaf Extract;Saccharomyces Ferment Filtrate;Whey Protein/Lactis Protein/Proteine Du Petit-Lait;Hydrogenated Vegetable Oil;Micrococcus Lysate;Persea Gratissima (Avocado) Sterols;Ergothioneine;Biotin;Acetyl Glucosamine;Caffeine;Lecithin;Palmitoyl Oligopeptide;Glyceryl Polymethacrylate;Caprylic/Capric Triglyceride;Polysilicone-11;Propylene Glycol Dicaprate;Tocopheryl Acetate;Sucrose;Trehalose;Pentylene Glycol;Carbomer;Helianthus Annuus (Sunflower) Seedcake;Tromethamine;Phytosphingosine;Tetrahexyldecyl Ascorbate;Cholesterol;Zinc Pca;Hexylene Glycol;Hydroxyethylcellulose;Sodium Hyaluronate;Potassium Sulfate;Citric Acid;Caprylyl Glycol;Sodium Citrate;Disodium Distyrylbiphenyl Disulfonate;Disodium Edta;Phenoxyethanol;Titanium Dioxide (Ci 77891) Please be aware that ingredient lists may change or vary from time to time,� Please refer to the ingredient list on the product package you receive for the most up to date list of ingredients,",0.0,136.0,7865.0,3.8529,0.5,Eye Care,90.0,2.83,1.73,eye care,Medium (7k - 13k)
Eye cream,FRESH,Lotus Eye Gel,48,3.8,"Sea Water, Butylene Glycol, Caprylic/Capric/Succinic Triglyceride, Simmondsia Chinensis (Jojoba) Seed Oil, Sodium Polyacrylate, Nelumbo Nucifera Flower Extract, Coffea Arabica (Coffee) Extract, Porphyrydium Cruentum Extract, Ginkgo Biloba Leaf Extract, Citrus Medica Limonum (Lemon) Peel Oil, Cucumis Sativus (Cucumber) Fruit Extract, Vitis Vinifera (Grape) Seed Extract, Camellia Sinensis Leaf Extract, Chamomilla Recutita (Matricaria) Extract, Helianthus Annuus (Sunflower) Seed Oil, Retinyl Palmitate, Tocopherol, Chlorphenesin, Tetrasodium Edta, Propylene Glycol, Caprylic/Capric Triglyceride, Tocopheryl Acetate, Carbomer, Magnesium Ascorbyl Phosphate, Phenoxyethanol, Polysorbate 20, Ceratonia Siliqua Gum, Hydroxyethylcellulose, Limonene.",1,1,1,0,0,lotus_eye_gel,fresh,eye_cream,fresh_lotus_eye_gel,0.0,615.0,14027.0,3.8439,0.5,Eye Care,96.0,0.63,4.38,"Sea Water;Butylene Glycol;Caprylic/Capric/Succinic Triglyceride;Simmondsia Chinensis (Jojoba) Seed Oil;Sodium Polyacrylate;Nelumbo Nucifera Flower Extract;Coffea Arabica (Coffee) Extract;Porphyrydium Cruentum Extract;Ginkgo Biloba Leaf Extract;Citrus Medica Limonum (Lemon) Peel Oil;Cucumis Sativus (Cucumber) Fruit Extract;Vitis Vinifera (Grape) Seed Extract;Camellia Sinensis Leaf Extract;Chamomilla Recutita (Matricaria) Extract;Helianthus Annuus (Sunflower) Seed Oil;Retinyl Palmitate;Tocopherol;Chlorphenesin;Tetrasodium Edta;Propylene Glycol;Caprylic/Capric Triglyceride;Tocopheryl Acetate;Carbomer;Magnesium Ascorbyl Phosphate;Phenoxyethanol;Polysorbate 20;Ceratonia Siliqua Gum;Hydroxyethylcellulose;Limonene,",0.0,615.0,14027.0,3.8439,0.5,Eye Care,96.0,0.63,4.38,eye care,High (13k - 26k)
Eye cream,CAUDALIE,Premier Cru Eye Cream,99,3.3,*plant origin,1,1,1,1,1,premier_cru_eye_cream,caudalie,eye_cream,caudalie_premier_cru_eye_cream,1.0,91.0,4524.0,3.4505,0.5,Eye Care,198.0,3.79,2.01,*plant origin,1.0,91.0,4524.0,3.4505,0.5,Eye Care,198.0,3.79,2.01,eye care,Low (3k - 7k)
Eye cream,LANCER,Eye Contour Lifting Cream with Diamond Powder,95,4.4,"Water, Isopropyl Isostearate, Synthetic Fluorphlogopite, Stearic Acid, Butyrospermum Parkii (Shea) Butter, Bis-Diglyceryl Polyacyladipate-2, Caprylic/Capric/Myristic/Stearic Triglyceride, Glycerin, Propanediol, Pentaerythrityl Tetraisostearate, Glyceryl Stearate, Dimethcone, Polymethylsilsesquioxane, Cetearyl Alcohol, Squalane, Polydimethylsiloxane/Polymethylsilsesquioxane Copolymer, Phospholipids, Hyaluronic Acid, Hexapeptide48-HCL, Saccharomyces Cerevisiae Extract, Medicago Sativa (Alfalfa) Seed Extract, Hydrolyzed Lupine Protein, Glycine Soja (Soybean) Extract, Steareth-20, N-Hydroxysuccinimide, Palmitoyl Oligopeptide, Chrysin, Palmitoyl Tetrapeptide-7, Diamond Powder, Cyclopentasiloxane, Cyclohexasiloxane, Panthenol, Sodium PCA, Caffeine, PEG-100 Sterarate, Beeswax, Disodium EDTA, Ethylhexylglycerin, Aminomethyl Propanol, Acrylates/C10-30 Alkyl Acrylate Crosspolymer, Xanthan Gum, Phenoxyethanol, Chlorphenesin, Caprylyl Glycol.",1,1,1,1,1,eye_contour_lifting_cream_with_diamond_powder,lancer,eye_cream,lancer_eye_contour_lifting_cream_with_diamond_powder,0.0,174.0,5272.0,4.3736,0.5,Eye Care,190.0,2.51,3.3,"Isopropyl Isostearate;Synthetic Fluorphlogopite;Stearic Acid;Butyrospermum Parkii (Shea) Butter;Bis-Diglyceryl Polyacyladipate-2;Caprylic/Capric/Myristic/Stearic Triglyceride;Glycerin;Propanediol;Pentaerythrityl Tetraisostearate;Glyceryl Stearate;Dimethcone;Polymethylsilsesquioxane;Cetearyl Alcohol;Squalane;Polydimethylsiloxane/Polymethylsilsesquioxane Copolymer;Phospholipids;Hyaluronic Acid;Hexapeptide48-HCL;Saccharomyces Cerevisiae Extract;Medicago Sativa (Alfalfa) Seed Extract;Hydrolyzed Lupine Protein;Glycine Soja (Soybean) Extract;Steareth-20;N-Hydroxysuccinimide;Palmitoyl Oligopeptide;Chrysin;Palmitoyl Tetrapeptide-7;Diamond Powder;Cyclopentasiloxane;Cyclohexasiloxane;Panthenol;Sodium PCA;Caffeine;PEG-100 Sterarate;Beeswax;Disodium EDTA;Ethylhexylglycerin;Aminomethyl Propanol;Acrylates/C10-30 Alkyl Acrylate Crosspolymer;Xanthan Gum;Phenoxyethanol;Chlorphenesin;Caprylyl Glycol,",0.0,174.0,5272.0,4.3736,0.5,Eye Care,190.0,2.51,3.3,eye care,Low (3k - 7k)
Eye cream,FRESH,Crème Ancienne Supreme Eye Serum,165,5.0,"Water, Glycerin, Butylene Glycol, Cetearyl Isononanoate, Ethylene/Acrylic Acid Copolymer, Propanediol, Limnanthes Alba (Meadowfoam) Seed Oil, Albizia Julibrissin Bark Extract, Helianthus Annuus (Sunflower) Seed Oil, Alpinia Galanga Leaf Extract, Commiphora Mukul Resin Extract, Zingiber Officinale (Ginger) Root Extract, Panax Ginseng Root Extract, Siegesbeckia Orientalis Extract, Tocopherol, Adenosine, Diglycerin, Polyacrylate-13, Hydrogenated Palm Kernel Glycerides, Caprylic/Capric Triglyceride, Chlorphenesin, Acrylates/C10-30 Alkyl Acrylate Crosspolymer, Polyisobutene, Poloxamer 407, Xanthan Gum, Sodium Hydroxide, Parfum (Fragrance), Disodium EDTA, Sorbitan Isostearate, Hydrogenated Palm Glycerides, Glyceryl Acrylate/Acrylic Acid Copolymer, Polysorbate 20, Biosaccharide Gum-2, Caramel, Sodium Metabisulfite, Sodium Benzoate, Phenoxyethanol, Benzyl Salicylate.",1,1,1,1,1,crème_ancienne_supreme_eye_serum,fresh,eye_cream,fresh_crème_ancienne_supreme_eye_serum,,,,,,,,,,"Glycerin;Butylene Glycol;Cetearyl Isononanoate;Ethylene/Acrylic Acid Copolymer;Propanediol;Limnanthes Alba (Meadowfoam) Seed Oil;Albizia Julibrissin Bark Extract;Helianthus Annuus (Sunflower) Seed Oil;Alpinia Galanga Leaf Extract;Commiphora Mukul Resin Extract;Zingiber Officinale (Ginger) Root Extract;Panax Ginseng Root Extract;Siegesbeckia Orientalis Extract;Tocopherol;Adenosine;Diglycerin;Polyacrylate-13;Hydrogenated Palm Kernel Glycerides;Caprylic/Capric Triglyceride;Chlorphenesin;Acrylates/C10-30 Alkyl Acrylate Crosspolymer;Polyisobutene;Poloxamer 407;Xanthan Gum;Sodium Hydroxide;Parfum (Fragrance);Disodium EDTA;Sorbitan Isostearate;Hydrogenated Palm Glycerides;Glyceryl Acrylate/Acrylic Acid Copolymer;Polysorbate 20;Biosaccharide Gum-2;Caramel;Sodium Metabisulfite;Sodium Benzoate;Phenoxyethanol;Benzyl Salicylate,",0.0,8.0,1682.0,4.75,1.0,,245.0,59.38,0.48,eye care,nan
Eye cream,DIOR,One Essential Eye Serum,72,4.5,No Info,1,0,1,0,0,one_essential_eye_serum,dior,eye_cream,dior_one_essential_eye_serum,0.0,17.0,4064.0,4.2941,0.5,Eye Care,144.0,25.26,0.42,No Info,0.0,17.0,4064.0,4.2941,0.5,Eye Care,144.0,25.26,0.42,eye care,Low (3k - 7k)
Eye cream,CLARINS,Extra-Firming Eye Wrinkle Smoothing Cream,64,4.0,"Water, Glycerin, Caprylic/Capric Triglyceride, Silica, Cetearyl Alcohol, Betaine, Hydrogenated Coco-Glycerides, Pentylene Glycol, Butyrospermum Parkii (Shea) Butter, Glyceryl Stearate, Peg- 100 Stearate, Cetearyl Glucoside, Steareth-21, Dimethicone, Phenoxyethanol, Carbomer, Rosa Centifolia Flower Wax, Rosa Damascena Flower Wax, Ethylhexylglycerin, Tocopheryl Acetate, Alcohol, Disodium Edta, Escin, Fragrance, Sodium Dextran Sulfate, Dimethiconol, Sodium Hydroxide, Dehydroacetic Acid, Tocopherol, Musa Sapientum (Banana) Fruit Extract, Ribes Nigrum (Black Currant) Bud Extract, Thymus Citriodorus Flower/Leaf Extract, Helianthus Annuus (Sunflower) Seed Oil, Potassium Sorbate.",0,0,0,0,0,extra_firming_eye_wrinkle_smoothing_cream,clarins,eye_cream,clarins_extra_firming_eye_wrinkle_smoothing_cream,,,,,,,,,,"Glycerin;Caprylic/Capric Triglyceride;Silica;Cetearyl Alcohol;Betaine;Hydrogenated Coco-Glycerides;Pentylene Glycol;Butyrospermum Parkii (Shea) Butter;Glyceryl Stearate;Peg- 100 Stearate;Cetearyl Glucoside;Steareth-21;Dimethicone;Phenoxyethanol;Carbomer;Rosa Centifolia Flower Wax;Rosa Damascena Flower Wax;Ethylhexylglycerin;Tocopheryl Acetate;Alcohol;Disodium Edta;Escin;Fragrance;Sodium Dextran Sulfate;Dimethiconol;Sodium Hydroxide;Dehydroacetic Acid;Tocopherol;Musa Sapientum (Banana) Fruit Extract;Ribes Nigrum (Black Currant) Bud Extract;Thymus Citriodorus Flower/Leaf Extract;Helianthus Annuus (Sunflower) Seed Oil;Potassium Sorbate,",,,,,,,,,,eye care,nan
Eye cream,BELIF,Peat Miracle Revital Eye Cream,58,4.3,"Water, Glycerin, Dipropylene Glycol, Cyclopentasiloxane, Caprylic/Capric Triglyceride, Glyceryl Stearate, Neopentyl Glycol Dicaprate, Hydrogenated Polydecene, 1,2-Hexanediol, Cetearyl Alcohol, Butyrospermum Parkii (Shea) Butter, Polyglyceryl-3 Methylglucose Distearate, C14-22 Alcohols, Portulaca Oleracea Extract, Biosaccharide Gum-1, Panthenol, PEG-100 Stearate, Peat Extract(0.5%), Euphrasia Officinalis Extract*, Glycyrrhiza Glabra (Licorice) Root Extract*, Achillea Millefolium Flower Extract*, Aesculus Hippocastanum (Horse Chestnut) Leaf Extract*, Rhodiola Rosea Root Extract*, Vaccinium Myrtillus Fruit Extract*, Equisetum Arvense Leaf Extract*, Alchemilla Vulgaris Leaf Extract**, Viola Tricolor Extract**, Rosa Damascena Flower Extract**, Spiraea Ulmaria Flower Extract**, Althaea Officinalis Root Extract**, Avena Sativa (Oat) Kernel Extract***, Calendula Officinalis Flower Extract***, Nepeta Cataria Extract***, Rubus Idaeus (Raspberry) Leaf Extract***, Baptisia Tinctoria Root Extract***, Stellaria Media (Chickweed) Extract***, Aminobutyric Acid, Jojoba Esters, Dimethicone, Sorbitan Stearate, C12-20 Alkyl Glucoside, Ammonium Acryloyldimethyltaurate/VP Copolymer, Acrylates/C10-30 Alkyl Acrylate Crosspolymer, Tromethamine, Mica, Titanium Dioxide, Iron Oxides(CI 77491), Trisodium EDTA, Fragrance+, Citronellol, Limonene, Geraniol , Linalool*. **Napiers Moisture Formula. ***Napiers Original Formula. +Fragrances Of Natural Origin.",1,1,1,0,0,peat_miracle_revital_eye_cream,belif,eye_cream,belif_peat_miracle_revital_eye_cream,0.0,127.0,12940.0,4.2598,0.84,Eye Care,69.05,3.35,0.98,"Glycerin;Dipropylene Glycol;Cyclopentasiloxane;Caprylic/Capric Triglyceride;Glyceryl Stearate;Neopentyl Glycol Dicaprate;Hydrogenated Polydecene;1,2-Hexanediol;Cetearyl Alcohol;Butyrospermum Parkii (Shea) Butter;Polyglyceryl-3 Methylglucose Distearate;C14-22 Alcohols;Portulaca Oleracea Extract;Biosaccharide Gum-1;Panthenol;PEG-100 Stearate;Peat Extract(0,5%);Euphrasia Officinalis Extract*;Glycyrrhiza Glabra (Licorice) Root Extract*;Achillea Millefolium Flower Extract*;Aesculus Hippocastanum (Horse Chestnut) Leaf Extract*;Rhodiola Rosea Root Extract*;Vaccinium Myrtillus Fruit Extract*;Equisetum Arvense Leaf Extract*;Alchemilla Vulgaris Leaf Extract**;Viola Tricolor Extract**;Rosa Damascena Flower Extract**;Spiraea Ulmaria Flower Extract**;Althaea Officinalis Root Extract**;Avena Sativa (Oat) Kernel Extract***;Calendula Officinalis Flower Extract***;Nepeta Cataria Extract***;Rubus Idaeus (Raspberry) Leaf Extract***;Baptisia Tinctoria Root Extract***;Stellaria Media (Chickweed) Extract***;Aminobutyric Acid;Jojoba Esters;Dimethicone;Sorbitan Stearate;C12-20 Alkyl Glucoside;Ammonium Acryloyldimethyltaurate/VP Copolymer;Acrylates/C10-30 Alkyl Acrylate Crosspolymer;Tromethamine;Mica;Titanium Dioxide;Iron Oxides(CI 77491);Trisodium EDTA;Fragrance+;Citronellol;Limonene;Geraniol;Linalool*, **Napiers Moisture Formula, ***Napiers Original Formula, +Fragrances Of Natural Origin,",0.0,127.0,12940.0,4.2598,0.84,Eye Care,69.05,3.35,0.98,eye care,High (13k - 26k)
Eye cream,CLINIQUE,All About Eyes Serum De-Puffing Eye Massage,32,3.8,"Water , Butylene Glycol , Glycerin , Caffeine , Panthenol , Polygonum Cuspidatum Root Extract , Vitis Vinifera (Grape) Seed Extract , Rosmarinus Officinalis (Rosemary) Extract , Humulus Lupulus (Hops) Extract , Citrus Reticulata (Tangerine) Peel Extract , Punica Granatum (Pomegranate) Fruit Juice , Yeast Extract/Faex/Extrait De Levure , Biosaccharide Gum - 1 , Linolenic Acid , Sodium Hyaluronate , Laureth-7 , Linoleic Acid , Glycine , Carbomer , Cyclodextrin , Hydroxyproline , Acrylates Copolymer , C13-14 Isoparaffin , Polyacrylamide , Caprylyl Glycol , Proline , Ethylbisiminomethylguaiacol Manganese Chloride , Nordihydroguaiaretic Acid , Xanthan Gum , Hexylene Glycol , Disodium Edta , Phenoxyethanol , Titanium Dioxide (Ci 77891) , Mica",0,0,0,0,0,all_about_eyes_serum_de_puffing_eye_massage,clinique,eye_cream,clinique_all_about_eyes_serum_de_puffing_eye_massage,0.0,865.0,16040.0,3.80809999999999,0.5,Eye Care,65.0,0.44,5.39,Butylene Glycol;Glycerin;Caffeine;Panthenol;Polygonum Cuspidatum Root Extract;Vitis Vinifera (Grape) Seed Extract;Rosmarinus Officinalis (Rosemary) Extract;Humulus Lupulus (Hops) Extract;Citrus Reticulata (Tangerine) Peel Extract;Punica Granatum (Pomegranate) Fruit Juice;Yeast Extract/Faex/Extrait De Levure;Biosaccharide Gum - 1;Linolenic Acid;Sodium Hyaluronate;Laureth-7;Linoleic Acid;Glycine;Carbomer;Cyclodextrin;Hydroxyproline;Acrylates Copolymer;C13-14 Isoparaffin;Polyacrylamide;Caprylyl Glycol;Proline;Ethylbisiminomethylguaiacol Manganese Chloride;Nordihydroguaiaretic Acid;Xanthan Gum;Hexylene Glycol;Disodium Edta;Phenoxyethanol;Titanium Dioxide (Ci 77891);Mica,0.0,865.0,16040.0,3.80809999999999,0.5,Eye Care,65.0,0.44,5.39,eye care,High (13k - 26k)
Eye cream,AMOREPACIFIC,Intensive Vitalizing Eye Essence,95,3.9,"Camellia Sinensis Leaf Water, Butylene Glycol, Glycerin, Glycereth-26, Avena Sativa (Oat) Kernel Extract, Alcohol, Methyl Trimethicone, Diethoxyethyl Succinate, Glyceryl Polymethacrylate, Water, Camellia Sinensis Leaf Extract, Niacinamide, Aspergillus Ferment, Lactobacillus/Water Hyacinth Ferment, Caffeine, Mannitol, Hydrogenated Lecithin, Bis-Peg-18 Methyl Ether Dimethyl Silane, Acrylates/C10-30 Alkyl Acrylate Crosspolymer, Peg-60 Hydrogenated Castor Oil, Caprylic/Capric Triglyceride, Behenyl Alcohol, Polyglyceryl-10 Pentastearate, Cetearyl Alcohol, Sodium Stearoyl Lactylate, Cetearyl Glucoside, Ethylhexylglycerin, Caprylyl Glycol, Glyceryl Caprylate, Tromethamine, Disodium Edta, Phenoxyethanol, Fragrance.",1,1,1,1,1,intensive_vitalizing_eye_essence,amorepacific,eye_cream,amorepacific_intensive_vitalizing_eye_essence,0.0,74.0,5499.0,3.9595,0.5,Eye Care,190.0,5.35,1.35,"Camellia Sinensis Leaf Water;Butylene Glycol;Glycerin;Glycereth-26;Avena Sativa (Oat) Kernel Extract;Alcohol;Methyl Trimethicone;Diethoxyethyl Succinate;Glyceryl Polymethacrylate;Camellia Sinensis Leaf Extract;Niacinamide;Aspergillus Ferment;Lactobacillus/Water Hyacinth Ferment;Caffeine;Mannitol;Hydrogenated Lecithin;Bis-Peg-18 Methyl Ether Dimethyl Silane;Acrylates/C10-30 Alkyl Acrylate Crosspolymer;Peg-60 Hydrogenated Castor Oil;Caprylic/Capric Triglyceride;Behenyl Alcohol;Polyglyceryl-10 Pentastearate;Cetearyl Alcohol;Sodium Stearoyl Lactylate;Cetearyl Glucoside;Ethylhexylglycerin;Caprylyl Glycol;Glyceryl Caprylate;Tromethamine;Disodium Edta;Phenoxyethanol;Fragrance,",0.0,74.0,5499.0,3.9595,0.5,Eye Care,190.0,5.35,1.35,eye care,Low (3k - 7k)
Eye cream,PHILOSOPHY,Anti-Wrinkle Miracle Worker Retinoid Eye Repair Cream,68,3.8,Visit the philosophy boutique,1,1,1,1,1,anti_wrinkle_miracle_worker_retinoid_eye_repair_cream,philosophy,eye_cream,philosophy_anti_wrinkle_miracle_worker_retinoid_eye_repair_cream,,,,,,,,,,Visit the philosophy boutique,,,,,,,,,,eye care,nan
Eye cream,BEAUTYBIO,Illuminating Bright Eyes Gels + Silky Mask Beauty Sleep Set,25,4.3,"Water, Glycerin, Colloidal Silver, Propylene Glycol, Betaine, Hamamelis Virginiana Extract, Chondrus Crispus Powder, Mica, Niacinamide, Glucomannan, Xanthan Gum, Aloe Yohjyu Matsu Ekisu, Hydrolyzed Collagen, Phenoxyethanol, Diazolidinyl Urea, Algin, Potassium Chloride, Citric Acid, Potassium Citrate, Sodium Hyaluronate, Pearl Powder, Iodopropynyl Butylcarbamate, Fragrance.",0,0,0,0,0,illuminating_bright_eyes_gels_silky_mask_beauty_sleep_set,beautybio,eye_cream,beautybio_illuminating_bright_eyes_gels_silky_mask_beauty_sleep_set,,,,,,,,,,"Glycerin;Colloidal Silver;Propylene Glycol;Betaine;Hamamelis Virginiana Extract;Chondrus Crispus Powder;Mica;Niacinamide;Glucomannan;Xanthan Gum;Aloe Yohjyu Matsu Ekisu;Hydrolyzed Collagen;Phenoxyethanol;Diazolidinyl Urea;Algin;Potassium Chloride;Citric Acid;Potassium Citrate;Sodium Hyaluronate;Pearl Powder;Iodopropynyl Butylcarbamate;Fragrance,",,,,,,,,,,eye care,nan
Eye cream,FIRST AID BEAUTY,5 in 1 Eye Cream,32,3.9,"Water, Glycerin, Dimethicone, C12-15 Alkyl Benzoate, Sodium Polyacrylate, Ethylhexyl Palmitate, Silica, Palmitoyl Hexapeptide-12, Palmitoyl Tetrapeptide-7, Enteromorpha Compressa Extract, Alpha-Arbutin, Niacinamide, Caesalpinia Spinosa Gum, Sodium Lactate, Bisabolol, Camellia Sinensis Leaf Extract, Chrysanthemum Parthenium (Feverfew) Extract, Glycyrrhiza Glabra (Licorice) Root Extract, Hydrogenated Lecithin, Caprylyl Methicone, Sodium PCA, Hydrogenated Phosphatidylcholine, Polysorbate 60, Sodium Isostearate, Carbomer, Polysorbate 20, Butylene Glycol, Hydroxyethyl Acrylate/Sodium Acryloyldimethyltaurate Copolymer, Phenyl Methicone, Polysilicone-11, Glyceryl Polyacrylate, Xanthan Gum, Phenoxyethanol, Sodium Hydroxide, Potassium Sorbate, Sodium Benzoate.",1,1,1,1,1,5_in_1_eye_cream,first_aid_beauty,eye_cream,first_aid_beauty_5_in_1_eye_cream,0.0,274.0,18754.0,3.8796,0.5,Eye Care,64.0,1.42,1.46,"Glycerin;Dimethicone;C12-15 Alkyl Benzoate;Sodium Polyacrylate;Ethylhexyl Palmitate;Silica;Palmitoyl Hexapeptide-12;Palmitoyl Tetrapeptide-7;Enteromorpha Compressa Extract;Alpha-Arbutin;Niacinamide;Caesalpinia Spinosa Gum;Sodium Lactate;Bisabolol;Camellia Sinensis Leaf Extract;Chrysanthemum Parthenium (Feverfew) Extract;Glycyrrhiza Glabra (Licorice) Root Extract;Hydrogenated Lecithin;Caprylyl Methicone;Sodium PCA;Hydrogenated Phosphatidylcholine;Polysorbate 60;Sodium Isostearate;Carbomer;Polysorbate 20;Butylene Glycol;Hydroxyethyl Acrylate/Sodium Acryloyldimethyltaurate Copolymer;Phenyl Methicone;Polysilicone-11;Glyceryl Polyacrylate;Xanthan Gum;Phenoxyethanol;Sodium Hydroxide;Potassium Sorbate;Sodium Benzoate,",0.0,274.0,18754.0,3.8796,0.5,Eye Care,64.0,1.42,1.46,eye care,High (13k - 26k)
Eye cream,KATE SOMERVILLE,#NAME?,85,3.7,"Water, Dimethicone, Propanediol, Glycerin, Polysilicone-11, Synthetic Fluorphlogopite, Butylene Glycol, Polymethylsilsesquioxane, Ethyl Linoleate, Lauryl Polyglyceryl-3 Polydimethylsiloxyethyl Dimethicone, Retinol, Hydroxypinacolone Retinoate, Bidens Pilosa Extract, Bakuchiol, Hydrolyzed Hyaluronic Acid, Microcitrus Australasica Fruit Extract, Oryza Sativa (Rice) Bran Extract, Terminalia Chebula Fruit Extract, Glycine Soja (Soybean) Extract, Elaeis Guineensis (Palm) Oil, Gossypium Herbaceum (Cotton) Seed Oil, Helianthus Annuus (Sunflower) Seed Oil, Linum Usitatissimum (Linseed) Seed Oil, Adenosine, Aloe Barbadensis Leaf Juice Powder, Rosmarinus Officinalis (Rosemary) Leaf Extract, Tocopherol, Dimethyl Isosorbide, HDI/Trimethylol Hexyllactone Crosspolymer, Polyacrylamide, Phenoxyethanol, Ethylhexyl Hydroxystearate, PEG-12 Dimethicone, C13-14 Isoparaffin, Caprylyl Glycol, Decyl Glucoside, Acrylates/C10-30 Alkyl Acrylate Crosspolymer, Hexylene Glycol, Ethylhexylglycerin, Aminomethyl Propanol, Laureth-7, Xanthan Gum, Disodium EDTA.",1,1,1,1,0,#name?,kate_somerville,eye_cream,kate_somerville_#name?,,,,,,,,,,"Dimethicone;Propanediol;Glycerin;Polysilicone-11;Synthetic Fluorphlogopite;Butylene Glycol;Polymethylsilsesquioxane;Ethyl Linoleate;Lauryl Polyglyceryl-3 Polydimethylsiloxyethyl Dimethicone;Retinol;Hydroxypinacolone Retinoate;Bidens Pilosa Extract;Bakuchiol;Hydrolyzed Hyaluronic Acid;Microcitrus Australasica Fruit Extract;Oryza Sativa (Rice) Bran Extract;Terminalia Chebula Fruit Extract;Glycine Soja (Soybean) Extract;Elaeis Guineensis (Palm) Oil;Gossypium Herbaceum (Cotton) Seed Oil;Helianthus Annuus (Sunflower) Seed Oil;Linum Usitatissimum (Linseed) Seed Oil;Adenosine;Aloe Barbadensis Leaf Juice Powder;Rosmarinus Officinalis (Rosemary) Leaf Extract;Tocopherol;Dimethyl Isosorbide;HDI/Trimethylol Hexyllactone Crosspolymer;Polyacrylamide;Phenoxyethanol;Ethylhexyl Hydroxystearate;PEG-12 Dimethicone;C13-14 Isoparaffin;Caprylyl Glycol;Decyl Glucoside;Acrylates/C10-30 Alkyl Acrylate Crosspolymer;Hexylene Glycol;Ethylhexylglycerin;Aminomethyl Propanol;Laureth-7;Xanthan Gum;Disodium EDTA,",,,,,,,,,,eye care,nan
Eye cream,FRESH,Lotus Youth Preserve Eye Cream,45,3.5,"Water, Glycerin, Isostearyl Iso-stearate, Caprylic/Capric Triglyceride, Pentylene Glycol, Cetyl Alcohol, Polyglycerin-3, Potassium Cetyl Phos-phate, Nylon 6/12, Hydrogenated Palm Kernel Glycer-ides, Boron Nitride, Dimethicone, Ethylene/Acrylic AcidCopolymer, Glyceryl Stearate, Sodium Hyaluronate, Ficus Carica (Fig) Fruit Extract, Citrus Limon (Lemon)Peel Oil, Cucumis Sativus (Cucumber) Fruit Extract, Averrhoa Carambola Leaf Extract, Algae Extract, Ne-lumbo Nucifera Flower Extract, Hibiscus EsculentusFruit Extract, Tocopheryl Acetate, Ascorbyl Tetraisopal-mitate, Tocopherol, Bis-Diglyceryl Polyacyladipate-2, Sorbitol, Behenyl Alcohol, Butylene Glycol, Carbomer, Sodium Polyacrylate, Xanthan Gum, Sodium Citrate, Sodium Hydroxide, Hydrogenated Palm Glycerides, Citric Acid, Biosaccharide Gum-2, Caramel,Caprylyl Glycol, Potassium Sorbate, Sorbic Acid,Phenoxyethanol, Limonene, Citral.",0,0,0,0,0,lotus_youth_preserve_eye_cream,fresh,eye_cream,fresh_lotus_youth_preserve_eye_cream,0.0,134.0,9383.0,3.4776,0.5,Eye Care,90.0,2.6,1.43,"Glycerin;Isostearyl Iso-stearate;Caprylic/Capric Triglyceride;Pentylene Glycol;Cetyl Alcohol;Polyglycerin-3;Potassium Cetyl Phos-phate;Nylon 6/12;Hydrogenated Palm Kernel Glycer-ides;Boron Nitride;Dimethicone;Ethylene/Acrylic AcidCopolymer;Glyceryl Stearate;Sodium Hyaluronate;Ficus Carica (Fig) Fruit Extract;Citrus Limon (Lemon)Peel Oil;Cucumis Sativus (Cucumber) Fruit Extract;Averrhoa Carambola Leaf Extract;Algae Extract;Ne-lumbo Nucifera Flower Extract;Hibiscus EsculentusFruit Extract;Tocopheryl Acetate;Ascorbyl Tetraisopal-mitate;Tocopherol;Bis-Diglyceryl Polyacyladipate-2;Sorbitol;Behenyl Alcohol;Butylene Glycol;Carbomer;Sodium Polyacrylate;Xanthan Gum;Sodium Citrate;Sodium Hydroxide;Hydrogenated Palm Glycerides;Citric Acid;Biosaccharide Gum-2;Caramel;Caprylyl Glycol;Potassium Sorbate;Sorbic Acid;Phenoxyethanol;Limonene;Citral,",0.0,134.0,9383.0,3.4776,0.5,Eye Care,90.0,2.6,1.43,eye care,Medium (7k - 13k)
Eye cream,TARTE,Pack Your Bags Undereye Patches,22,4.2,"Water, Glycerin, Butylene Glycol, Mannitol, Sodium Polyglutamate, Algin, Chondrus Crispus Powder, Laureth-21, Polyglyceryl-10 Laurate, Cocos Nucifera (Coconut) Oil, Carbomer, Sodium Lactate, Polysorbate 20, Hydroxypropyl Cyclodextrin, Algae Extract, Gardenia Taitensis Flower Extract, Palmaria Palmata Extract, Palmitoyl Pentapeptide-4, Tocopherol, Phenoxyethanol, Iodopropynyl Butylcarbamate.",1,1,1,1,1,pack_your_bags_undereye_patches,tarte,eye_cream,tarte_pack_your_bags_undereye_patches,0.0,235.0,37777.0,4.217,,Eye Care,,1.79,0.62,"Glycerin;Butylene Glycol;Mannitol;Sodium Polyglutamate;Algin;Chondrus Crispus Powder;Laureth-21;Polyglyceryl-10 Laurate;Cocos Nucifera (Coconut) Oil;Carbomer;Sodium Lactate;Polysorbate 20;Hydroxypropyl Cyclodextrin;Algae Extract;Gardenia Taitensis Flower Extract;Palmaria Palmata Extract;Palmitoyl Pentapeptide-4;Tocopherol;Phenoxyethanol;Iodopropynyl Butylcarbamate,",0.0,235.0,37777.0,4.217,,Eye Care,,1.79,0.62,eye care,Very High (26k - 193k)
Eye cream,PERRICONE MD,Essential Fx Acyl-Glutathione Eyelid Lift Serum,122,4.3,"Water, Propanediol, Pantethine, Glycerin, Tetrahexyldecyl Ascorbate, S-Palmitoylglutathione, Dimethyl MEA, Palmitoyl Tripeptide-38, Acetyl Tyrosine, Avena Sativa (Oat) Kernel Extract, Xanthan Gum, Macadamia Ternifolia Seed Oil, Linum Usitatissimum (Linseed) Seed Oil, Salvia Hispanica Seed Oil, Silica Cetyl Silylate, Ethylhexylglycerin, Sodium Hyaluronate, Helianthus Annuus (Sunflower) Seed Oil, Rosmarinus Officinalis (Rosemary) Leaf Extract, Tetrasodium Glutamate Diacetate, Acrylates/C10-30 Alkyl Acrylate Crosspolymer, Caprylyl Glycol, Hydroxypropyl Cyclodextrin, Phenoxyethanol, Silica, Titanium Dioxide (Ci 77891), Iron Oxides (Ci 77491).",0,1,0,0,0,essential_fx_acyl_glutathione_eyelid_lift_serum,perricone_md,eye_cream,perricone_md_essential_fx_acyl_glutathione_eyelid_lift_serum,0.0,132.0,1704.0,4.3182,0.5,Eye Care,244.0,3.27,7.75,"Propanediol;Pantethine;Glycerin;Tetrahexyldecyl Ascorbate;S-Palmitoylglutathione;Dimethyl MEA;Palmitoyl Tripeptide-38;Acetyl Tyrosine;Avena Sativa (Oat) Kernel Extract;Xanthan Gum;Macadamia Ternifolia Seed Oil;Linum Usitatissimum (Linseed) Seed Oil;Salvia Hispanica Seed Oil;Silica Cetyl Silylate;Ethylhexylglycerin;Sodium Hyaluronate;Helianthus Annuus (Sunflower) Seed Oil;Rosmarinus Officinalis (Rosemary) Leaf Extract;Tetrasodium Glutamate Diacetate;Acrylates/C10-30 Alkyl Acrylate Crosspolymer;Caprylyl Glycol;Hydroxypropyl Cyclodextrin;Phenoxyethanol;Silica;Titanium Dioxide (Ci 77891);Iron Oxides (Ci 77491),",0.0,132.0,1704.0,4.3182,0.5,Eye Care,244.0,3.27,7.75,eye care,Very Low (0 - 3k)
Eye cream,ORIGINS,Plantscription™ Anti-Aging Eye Treatment,48,4.1,Visit the Origins boutique,0,0,0,0,0,plantscription_anti_aging_eye_treatment,origins,eye_cream,origins_plantscription_anti_aging_eye_treatment,,,,,,,,,,Visit the Origins boutique,1.0,108.0,9167.0,3.7963,0.5,,98.0,3.52,1.18,eye care,nan
Eye cream,AMOREPACIFIC,TIME RESPONSE Eye Reserve Crème,260,5.0,"Camellia Sinensis Leaf Water, Butylene Glycol, Water, Glycerin, Hydrogenated Poly(C6-14 Olefin), Butyrospermum Parkii (Shea) Butter, Pentaerythrityl Tetraethylhexanoate, Hydrogenated Olive Oil Lauryl Esters, Jojoba Esters, Methyl Trimethicone, Caprylic/Capric Triglyceride, Diisostearyl Malate, Cetyl Ethylhexanoate, Behenyl Alcohol, Helianthus Annuus (Sunflower) Seed Oil, Propanediol, Hydrogenated Lecithin, Peg-40 Stearate, Camellia Sinensis Seed Oil, Arachidyl Alcohol, Betaine, Niacinamide, Polyglyceryl-10 Stearate, 1,2- Hexanediol, Hydroxyethyl Acrylate/Sodium Acryloyldimethyl Taurate Copolymer, Glyceryl Stearate, Cetearyl Alcohol, Mica, Arachidyl Glucoside, Fragrance, Titanium Dioxide (Ci 77891), Dipotassium Glycyrrhizate, Caffeine, Glyceryl Caprylate, Dipalmitoyl Hydroxyproline, Acrylates/C10-30 Alkyl Acrylate Crosspolymer, Disodium Edta, Ethylhexylglycerin, Adenosine, Beta-Glucan, Tromethamine, Sorbitan Isostearate, Polysorbate 60, Palmitic Acid, Natto Gum, Glycine Soja (Soybean) Seed Extract, Theobroma Cacao (Cocoa) Extract, Dextrin, Camellia Sinensis Leaf Extract, Glucose, Tocopherol, Poloxamer 235, Ethoxydiglycol, Epigallocatechin Gallate, Tocophersolan, Poloxamer 338, Phenoxyethanol, Panax Ginseng Root Extract, Magnolia Obovata Bark Extract, Caprylyl Glycol.",1,1,1,1,0,time_response_eye_reserve_crème,amorepacific,eye_cream,amorepacific_time_response_eye_reserve_crème,,,,,,,,,,"Camellia Sinensis Leaf Water;Butylene Glycol;Glycerin;Hydrogenated Poly(C6-14 Olefin);Butyrospermum Parkii (Shea) Butter;Pentaerythrityl Tetraethylhexanoate;Hydrogenated Olive Oil Lauryl Esters;Jojoba Esters;Methyl Trimethicone;Caprylic/Capric Triglyceride;Diisostearyl Malate;Cetyl Ethylhexanoate;Behenyl Alcohol;Helianthus Annuus (Sunflower) Seed Oil;Propanediol;Hydrogenated Lecithin;Peg-40 Stearate;Camellia Sinensis Seed Oil;Arachidyl Alcohol;Betaine;Niacinamide;Polyglyceryl-10 Stearate;1;2- Hexanediol;Hydroxyethyl Acrylate/Sodium Acryloyldimethyl Taurate Copolymer;Glyceryl Stearate;Cetearyl Alcohol;Mica;Arachidyl Glucoside;Fragrance;Titanium Dioxide (Ci 77891);Dipotassium Glycyrrhizate;Caffeine;Glyceryl Caprylate;Dipalmitoyl Hydroxyproline;Acrylates/C10-30 Alkyl Acrylate Crosspolymer;Disodium Edta;Ethylhexylglycerin;Adenosine;Beta-Glucan;Tromethamine;Sorbitan Isostearate;Polysorbate 60;Palmitic Acid;Natto Gum;Glycine Soja (Soybean) Seed Extract;Theobroma Cacao (Cocoa) Extract;Dextrin;Camellia Sinensis Leaf Extract;Glucose;Tocopherol;Poloxamer 235;Ethoxydiglycol;Epigallocatechin Gallate;Tocophersolan;Poloxamer 338;Phenoxyethanol;Panax Ginseng Root Extract;Magnolia Obovata Bark Extract;Caprylyl Glycol,",0.0,1.0,231.0,5.0,0.5,,300.0,500.0,0.43,eye care,nan
Eye cream,LANCÔME,ABSOLUE PREMIUM Bx - Absolute Replenishing Eye Cream,110,3.7,Visit the Lancôme boutique,0,0,0,0,0,absolue_premium_bx_absolute_replenishing_eye_cream,lancôme,eye_cream,lancôme_absolue_premium_bx_absolute_replenishing_eye_cream,,,,,,,,,,Visit the Lancôme boutique,0.0,25.0,1556.0,4.04,2.6,,78.85,16.16,1.61,eye care,nan
Eye cream,ORIGINS,Plantscription™ Anti-Aging Power Eye Cream,49,3.8,"Water, Glyceryl Stearate, Butylene Glycol, Myristyl Myristate, Squalane, Jojoba Esters, Cetyl Alcohol, Peg-100 Stearate, Anogeissus Leiocarpus Bark Extract, Chrysanthellum Indicum Extract, Ascophyllum Nodosum Extract, Rubus Idaeus (Raspberry) Leaf Extract, Rosmarinus Officinalis (Rosemary) Leaf Extract, Coffea Arabica (Coffee) Seed Extract, Asparagopsis Armata Extract, Vitis Vinifera (Grape) Fruit Extract, Scutellaria Baicalensis Root Extract, Morus Nigra (Mulberry) Root Extract, Centaurium Erythraea (Centaury) Extract, Bambusa Vulgaris (Bamboo) Extract, Pisum Sativum (Pea) Extract, Sigesbeckia Orientalis (St. Paul'S Wort) Extract, Simmondsia Chinensis (Jojoba) Butter, Cholesterol, Sodium Hyaluronate, Trehalose, Micrococcus Lysate, Dimethicone, Cetyl Ricinoleate, Caffeine, Glycerin, Hydrolyzed Algin, Hydrogenated Vegetable Oil, Laminaria Digitata Extract, Lecithin, Sorbitol, Caprylic/Capric Triglyceride, Crithmum Maritimum Extract, Peg-4 Dilaurate, Acetyl Hexapeptide-8, Jojoba Alcohol, Isopropyl Jojobate, Caprylyl Glycol, Steareth-20, Cetearyl Alcohol, Polysorbate 60, Glucosamine Hcl, Ethylhexylglycerin, Potassium Hydroxide, Carbomer, Tetrahexyldecyl Ascorbate, Hexylene Glycol, Phenoxyethanol Please be aware that ingredient lists may change or vary from time to time.� Please refer to the ingredient list on the product package you receive for the most up to date list of ingredients.",0,0,0,0,0,plantscription_anti_aging_power_eye_cream,origins,eye_cream,origins_plantscription_anti_aging_power_eye_cream,,,,,,,,,,"Glyceryl Stearate;Butylene Glycol;Myristyl Myristate;Squalane;Jojoba Esters;Cetyl Alcohol;Peg-100 Stearate;Anogeissus Leiocarpus Bark Extract;Chrysanthellum Indicum Extract;Ascophyllum Nodosum Extract;Rubus Idaeus (Raspberry) Leaf Extract;Rosmarinus Officinalis (Rosemary) Leaf Extract;Coffea Arabica (Coffee) Seed Extract;Asparagopsis Armata Extract;Vitis Vinifera (Grape) Fruit Extract;Scutellaria Baicalensis Root Extract;Morus Nigra (Mulberry) Root Extract;Centaurium Erythraea (Centaury) Extract;Bambusa Vulgaris (Bamboo) Extract;Pisum Sativum (Pea) Extract;Sigesbeckia Orientalis (St, Paul'S Wort) Extract;Simmondsia Chinensis (Jojoba) Butter;Cholesterol;Sodium Hyaluronate;Trehalose;Micrococcus Lysate;Dimethicone;Cetyl Ricinoleate;Caffeine;Glycerin;Hydrolyzed Algin;Hydrogenated Vegetable Oil;Laminaria Digitata Extract;Lecithin;Sorbitol;Caprylic/Capric Triglyceride;Crithmum Maritimum Extract;Peg-4 Dilaurate;Acetyl Hexapeptide-8;Jojoba Alcohol;Isopropyl Jojobate;Caprylyl Glycol;Steareth-20;Cetearyl Alcohol;Polysorbate 60;Glucosamine Hcl;Ethylhexylglycerin;Potassium Hydroxide;Carbomer;Tetrahexyldecyl Ascorbate;Hexylene Glycol;Phenoxyethanol Please be aware that ingredient lists may change or vary from time to time,� Please refer to the ingredient list on the product package you receive for the most up to date list of ingredients,",1.0,157.0,8304.0,4.0892,0.5,,96.0,2.6,1.89,eye care,nan
Eye cream,PERRICONE MD,Cold Plasma+ Eye,110,4.0,"Water, Isopropyl Palmitate, Cetearyl Alcohol, Glyceryl Stearate, PEG-100 Stearate, Hydrolyzed Jojoba Esters, Ceteareth-20, Olea Europaea (Olive) Fruit Oil, Tetrahexyldecyl Ascorbate, Benzyl Alcohol, Phosphatidylcholine, Acetyl Tetrapeptide-5, Palmitoyl Tripeptide-1, Palmitoyl Tetrapeptide-7, Echium Plantagineum Seed Oil, Helianthus Annuus (Sunflower) Seed Oil, Copper Tripeptide-1, Magnesium Aspartate, Zinc Gluconate, Rosmarinus O_cinalis (Rosemary) Leaf Extract, Copper Gluconate, N-Hydroxysuccinimide, Tocopherol, Sodium Hyaluronate, Chrysin, Disodium EDTA, Hydrogenated Vegetable Oil, Glycerin, Dimethicone, Cyclopentasiloxane, Steareth-20, Silica, Titanium Dioxide (CI 77891), Iron Oxides (CI 77491).",1,1,1,1,1,cold_plasma_eye,perricone_md,eye_cream,perricone_md_cold_plasma_eye,0.0,27.0,1599.0,4.0,0.5,Eye Care,220.0,14.81,1.69,"Isopropyl Palmitate;Cetearyl Alcohol;Glyceryl Stearate;PEG-100 Stearate;Hydrolyzed Jojoba Esters;Ceteareth-20;Olea Europaea (Olive) Fruit Oil;Tetrahexyldecyl Ascorbate;Benzyl Alcohol;Phosphatidylcholine;Acetyl Tetrapeptide-5;Palmitoyl Tripeptide-1;Palmitoyl Tetrapeptide-7;Echium Plantagineum Seed Oil;Helianthus Annuus (Sunflower) Seed Oil;Copper Tripeptide-1;Magnesium Aspartate;Zinc Gluconate;Rosmarinus O_cinalis (Rosemary) Leaf Extract;Copper Gluconate;N-Hydroxysuccinimide;Tocopherol;Sodium Hyaluronate;Chrysin;Disodium EDTA;Hydrogenated Vegetable Oil;Glycerin;Dimethicone;Cyclopentasiloxane;Steareth-20;Silica;Titanium Dioxide (CI 77891);Iron Oxides (CI 77491),",0.0,27.0,1599.0,4.0,0.5,Eye Care,220.0,14.81,1.69,eye care,Very Low (0 - 3k)
Eye cream,ERNO LASZLO,Hello Bright Eyes,48,5.0,"Water, Glycerin, Butylene Glycol, Niacinamide, Ceratonia Siliqua Gum, Chondrus Crispus (Carrageenan) Extract, Allantoin, Peg-60 Hydrogenated Castor Oil, Centella Asiatica Extract, Ethylhexylglycerin, Saccharide Isomerate, Disodium Edta, Dipotassium Glycyrrhizate, 1,2-Hexanediol, Sodium Citrate, Sodium Hyaluronate, Citric Acid, Potassium Hydroxide, Chlorella Vulgaris Extract, Fragrance, Phenoxyethanol.",1,1,1,1,0,hello_bright_eyes,erno_laszlo,eye_cream,erno_laszlo_hello_bright_eyes,,,,,,,,,,"Glycerin;Butylene Glycol;Niacinamide;Ceratonia Siliqua Gum;Chondrus Crispus (Carrageenan) Extract;Allantoin;Peg-60 Hydrogenated Castor Oil;Centella Asiatica Extract;Ethylhexylglycerin;Saccharide Isomerate;Disodium Edta;Dipotassium Glycyrrhizate;1,2-Hexanediol;Sodium Citrate;Sodium Hyaluronate;Citric Acid;Potassium Hydroxide;Chlorella Vulgaris Extract;Fragrance;Phenoxyethanol,",,,,,,,,,,eye care,nan
Eye cream,CLINIQUE,Repairwear Anti-Gravity Eye Lift Cream,45,4.2,Visit the CLINIQUE boutique,0,0,0,0,0,repairwear_anti_gravity_eye_lift_cream,clinique,eye_cream,clinique_repairwear_anti_gravity_eye_lift_cream,0.0,264.0,9020.0,4.1629,0.5,Eye Care,90.0,1.58,2.93,Visit the CLINIQUE boutique,0.0,264.0,9020.0,4.1629,0.5,Eye Care,90.0,1.58,2.93,eye care,Medium (7k - 13k)
Eye cream,DR. DENNIS GROSS SKINCARE,Ferulic + Retinol Eye Cream,69,3.4,"Water, Isododecane, Cetearyl Alcohol, Dimethicone, Adipic Acid/Neopentyl Glycol Crosspolymer, Lauryl Dimethicone, Butylene Glycol, Ceteareth-20, Potassium Cetyl Phosphate, Polymethyl Methacrylate, Sodium Acrylate/Sodium Acryloyldimethyl Taurate Copolymer, Glyceryl Behenate, Glyceryl Stearate SE, Polyglyceryl-3 Diisostearate, Collagen Amino Acids, Ferulic Acid, Gallic Acid, Ellagic Acid, Arnica Montana Flower Extract, Centella Asiatica Extract, Retinol, Aminobutyric Acid, Caffeine, Euphrasia Officinalis Extract, Sphingolipids, Phospholipids, Tetrapeptide-21, Glycine Soja (Soybean) Oil, Algae Extract, Sodium PCA, Sodium Hyaluronate, Saccharide Isomerate, Salix Alba (Willow) Bark Extract, Tocopherol, Cucumis Sativus (Cucumber) Fruit Extract, Helianthus Annuus (Sunflower) Seed Oil, Leuconostoc/Radish Root Ferment Filtrate, Glycolic Acid, Lactic Acid, Glycerin, Acrylates/Carbamate Copolymer, Bis-Vinyl Dimethicone/Dimethicone Copolymer, Tetrahydropiperine, BHT, Hexylene Glycol, Caprylyl Glycol, Hydrogenated Polyisobutene, Isohexadecane, Benzophenone-3, Behenic Acid, Polysorbate 80, Ascorbyl Palmitate, Citric Acid, Cyclodextrin, Sodium Citrate, Tetrasodium EDTA, Phenoxyethanol, Potassium Sorbate, Sodium Benzoate, Mica (CI 77019), Annatto (CI 75120).",1,1,1,1,1,ferulic_retinol_eye_cream,dr._dennis_gross_skincare,eye_cream,dr._dennis_gross_skincare_ferulic_retinol_eye_cream,0.0,48.0,4601.0,3.3958,0.5,Eye Care,138.0,7.07,1.04,"Isododecane;Cetearyl Alcohol;Dimethicone;Adipic Acid/Neopentyl Glycol Crosspolymer;Lauryl Dimethicone;Butylene Glycol;Ceteareth-20;Potassium Cetyl Phosphate;Polymethyl Methacrylate;Sodium Acrylate/Sodium Acryloyldimethyl Taurate Copolymer;Glyceryl Behenate;Glyceryl Stearate SE;Polyglyceryl-3 Diisostearate;Collagen Amino Acids;Ferulic Acid;Gallic Acid;Ellagic Acid;Arnica Montana Flower Extract;Centella Asiatica Extract;Retinol;Aminobutyric Acid;Caffeine;Euphrasia Officinalis Extract;Sphingolipids;Phospholipids;Tetrapeptide-21;Glycine Soja (Soybean) Oil;Algae Extract;Sodium PCA;Sodium Hyaluronate;Saccharide Isomerate;Salix Alba (Willow) Bark Extract;Tocopherol;Cucumis Sativus (Cucumber) Fruit Extract;Helianthus Annuus (Sunflower) Seed Oil;Leuconostoc/Radish Root Ferment Filtrate;Glycolic Acid;Lactic Acid;Glycerin;Acrylates/Carbamate Copolymer;Bis-Vinyl Dimethicone/Dimethicone Copolymer;Tetrahydropiperine;BHT;Hexylene Glycol;Caprylyl Glycol;Hydrogenated Polyisobutene;Isohexadecane;Benzophenone-3;Behenic Acid;Polysorbate 80;Ascorbyl Palmitate;Citric Acid;Cyclodextrin;Sodium Citrate;Tetrasodium EDTA;Phenoxyethanol;Potassium Sorbate;Sodium Benzoate;Mica (CI 77019);Annatto (CI 75120),",0.0,48.0,4601.0,3.3958,0.5,Eye Care,138.0,7.07,1.04,eye care,Low (3k - 7k)
Eye cream,FIRST AID BEAUTY,Eye Duty Triple Remedy Overnight Balm,38,3.7,"Water, Glycerin, Butyrospermum Parkii (Shea) Butter, Caprylic/Capric Triglyceride, Dimethicone, C10-18 Triglycerides, Ethylhexyl Palmitate, Cetyl Alcohol, Aluminum Starch Octenylsuccinate, Glyceryl Stearate, Niacinamide, Chrysanthemum Parthenium (Feverfew) Extract, Spilanthes Acmella Flower Extract, Acacia Decurrens Flower Wax, Camellia Sinensis Leaf Extract, Glycyrrhiza Glabra (Licorice) Root Extract, Jojoba Esters, Palmitoyl Hexapeptide-12, Palmitoyl Tetrapeptide-7, Algae Extract, Carbomer, Hyaluronic Acid, Helianthus Annuus (Sunflower) Seed Wax, PEG-75 Stearate, Caprylyl Glycol, Ceteth-20, Steareth-20, Acrylates/C10-30 Alkyl Acrylate Crosspolymer, Xanthan Gum, Butylene Glycol, Leuconostoc/Radish Root Ferment Filtrate, Polyglycerin-3, Sodium Lactate, Polysorbate 20, Palmitic Acid, Sodium Hydroxide, Tetrasodium EDTA, EDTA, Citric Acid, Phenoxyethanol.",1,1,1,1,1,eye_duty_triple_remedy_overnight_balm,first_aid_beauty,eye_cream,first_aid_beauty_eye_duty_triple_remedy_overnight_balm,0.0,171.0,11054.0,3.655,0.5,Moisturizers,76.0,2.14,1.55,"Glycerin;Butyrospermum Parkii (Shea) Butter;Caprylic/Capric Triglyceride;Dimethicone;C10-18 Triglycerides;Ethylhexyl Palmitate;Cetyl Alcohol;Aluminum Starch Octenylsuccinate;Glyceryl Stearate;Niacinamide;Chrysanthemum Parthenium (Feverfew) Extract;Spilanthes Acmella Flower Extract;Acacia Decurrens Flower Wax;Camellia Sinensis Leaf Extract;Glycyrrhiza Glabra (Licorice) Root Extract;Jojoba Esters;Palmitoyl Hexapeptide-12;Palmitoyl Tetrapeptide-7;Algae Extract;Carbomer;Hyaluronic Acid;Helianthus Annuus (Sunflower) Seed Wax;PEG-75 Stearate;Caprylyl Glycol;Ceteth-20;Steareth-20;Acrylates/C10-30 Alkyl Acrylate Crosspolymer;Xanthan Gum;Butylene Glycol;Leuconostoc/Radish Root Ferment Filtrate;Polyglycerin-3;Sodium Lactate;Polysorbate 20;Palmitic Acid;Sodium Hydroxide;Tetrasodium EDTA;EDTA;Citric Acid;Phenoxyethanol,",0.0,171.0,11054.0,3.655,0.5,Moisturizers,76.0,2.14,1.55,eye care,Medium (7k - 13k)
Eye cream,DR. DENNIS GROSS SKINCARE,SpectraLite EyeCare Pro LED Device,159,3.9,Visit the Dr. Dennis Gross Skincare boutique,1,1,1,1,1,spectralite_eyecare_pro_led_device,dr._dennis_gross_skincare,eye_cream,dr._dennis_gross_skincare_spectralite_eyecare_pro_led_device,0.0,31.0,5590.0,3.7742,,Eye Care,,12.17,0.55,"Visit the Dr, Dennis Gross Skincare boutique",0.0,31.0,5590.0,3.7742,,Eye Care,,12.17,0.55,eye care,Low (3k - 7k)
Eye cream,ERNO LASZLO,Multi-Task Eye Serum Mask,35,4.5,"Water, Glycerin, Butylene Glycol, Niacinamide, Ceratonia Siliqua Gum, Chondrus Crispus (Carrageenan) Extract, Allantoin, Peg-60 Hydrogenated Castor Oil, Centella Asiatica Extract, Ethylhexylglycerin, Saccharide Isomerate, Disodium Edta, Dipotassium Glycyrrhizate, 1,2-Hexanediol, Sodium Citrate, Sodium Hyaluronate, Citric Acid, Potassium Hydroxide, Chlorella Vulgaris Extract, Fragrance, Phenoxyethanol.",1,1,1,1,1,multi_task_eye_serum_mask,erno_laszlo,eye_cream,erno_laszlo_multi_task_eye_serum_mask,0.0,20.0,4893.0,4.3,,Eye Care,,21.5,0.41,"Glycerin;Butylene Glycol;Niacinamide;Ceratonia Siliqua Gum;Chondrus Crispus (Carrageenan) Extract;Allantoin;Peg-60 Hydrogenated Castor Oil;Centella Asiatica Extract;Ethylhexylglycerin;Saccharide Isomerate;Disodium Edta;Dipotassium Glycyrrhizate;1,2-Hexanediol;Sodium Citrate;Sodium Hyaluronate;Citric Acid;Potassium Hydroxide;Chlorella Vulgaris Extract;Fragrance;Phenoxyethanol,",0.0,20.0,4893.0,4.3,,Eye Care,,21.5,0.41,eye care,Low (3k - 7k)
Eye cream,GUERLAIN,Orchidee Imperiale The Eye and Lip Contour Cream,200,3.0,Visit the Guerlain boutique,1,1,1,1,1,orchidee_imperiale_the_eye_and_lip_contour_cream,guerlain,eye_cream,guerlain_orchidee_imperiale_the_eye_and_lip_contour_cream,0.0,6.0,586.0,3.3333,0.5,Eye Care,400.0,55.56,1.02,Visit the Guerlain boutique,0.0,6.0,586.0,3.3333,0.5,Eye Care,400.0,55.56,1.02,eye care,Very Low (0 - 3k)
Eye cream,PERRICONE MD,Essential Fx Acyl-Glutathione Smoothing & Brightening Under-Eye Cream,122,4.6,"Water, Octyldodecyl Neopentanoate, Cetearyl Alcohol, Sodium Polystyrene Sulfonate, Glycerin, Caprylic/Capric Triglyceride, Dimethicone, Behenyl Alcohol, Hydrogenated Vegetable Glycerides, Trifluoromethyl C1-4 Alkyl Dimethicone, Glyceryl Stearate, PEG-100 Stearate, Butyrospermum Parkii (Shea) Butter, S-Palmitoylglutathione, Steareth-20, Macadamia Ternifolia Seed Oil, Salvia Hispanica Seed Oil, Xanthan Gum, Linum Usitatissimum (Linseed) Seed Oil, Ethylhexylglycerin, Lactic Acid, Helianthus Annuus (Sunflower) Seed Oil, Rosmarinus Officinalis (Rosemary) Leaf Extract, Disodium EDTA, Sodium Hydroxide, Butylene Glycol, Fucus Vesiculosus Extract, Cryptomeria Japonica Leaf Extract, Hexylene Glycol, Caprylyl Glycol, Phenoxyethanol, Silica, Titanium Dioxide (Ci 77891), Iron Oxides (Ci 77499).",0,1,0,0,0,essential_fx_acyl_glutathione_smoothing_brightening_under_eye_cream,perricone_md,eye_cream,perricone_md_essential_fx_acyl_glutathione_smoothing_brightening_under_eye_cream,0.0,170.0,2340.0,4.5588,0.5,Eye Care,244.0,2.68,7.26,"Octyldodecyl Neopentanoate;Cetearyl Alcohol;Sodium Polystyrene Sulfonate;Glycerin;Caprylic/Capric Triglyceride;Dimethicone;Behenyl Alcohol;Hydrogenated Vegetable Glycerides;Trifluoromethyl C1-4 Alkyl Dimethicone;Glyceryl Stearate;PEG-100 Stearate;Butyrospermum Parkii (Shea) Butter;S-Palmitoylglutathione;Steareth-20;Macadamia Ternifolia Seed Oil;Salvia Hispanica Seed Oil;Xanthan Gum;Linum Usitatissimum (Linseed) Seed Oil;Ethylhexylglycerin;Lactic Acid;Helianthus Annuus (Sunflower) Seed Oil;Rosmarinus Officinalis (Rosemary) Leaf Extract;Disodium EDTA;Sodium Hydroxide;Butylene Glycol;Fucus Vesiculosus Extract;Cryptomeria Japonica Leaf Extract;Hexylene Glycol;Caprylyl Glycol;Phenoxyethanol;Silica;Titanium Dioxide (Ci 77891);Iron Oxides (Ci 77499),",0.0,170.0,2340.0,4.5588,0.5,Eye Care,244.0,2.68,7.26,eye care,Very Low (0 - 3k)
Eye cream,ESTÉE LAUDER,Advanced Time Zone Age Reversing Line/Wrinkle Eye Creme,64,3.5,"Adv Timezone Age Rvr Lw Eye Crm Division: El (Estee Lauder)Ingredients: Water , Butyrospermum Parkii (Shea Butter) , Polyethylene , Cetyl Esters , Dicaprylyl Carbonate , Hydrogenated Polyisobutene , Cetearyl Alcohol , Isostearyl Neopentanoate , Sucrose , Propanediol , Butylene Glycol , Tamarindus Indica Seed Extract , Polygonum Cuspidatum Root Extract , Hydrolyzed Rice Extract , Vitis Vinifera (Grape) Seed Extract , Rosmarinus Officinalis (Rosemary) Extract , Selaginella Tamariscina (Spike Moss) Extract , Humulus Lupulus (Hops) Extract , Citrus Reticulata (Tangerine) Peel Extract , Punica Granatum (Pomegranate) Fruit Juice , Limonium Vulgare Flower/Leaf/Stem Extract , Yeast Extract/Faex/Extrait De Levure , Tocopheryl Acetate , Hordeum Vulgare (Barley) Extract/Extrait D'Orge , Lens Esculenta (Lentil) Fruit Extract , Hydrogenated Lecithin , Phytantriol , Cucumis Sativus (Cucumber) Fruit Extract , Trehalose , Methyl Glucose Sesquistearate , Acetyl Glucosamine , Cetearyl Glucoside , Citrullus Vulgaris (Watermelon) Fruit Extract , Cetyl Alcohol , Centaurium Erythraea (Centaury) Extract , Glycerin , Propylene Glycol Dicaprate , Caprylic/Capric Triglyceride , Sodium Pca , Helianthus Annuus (Sunflower) Seedcake , Caffeine , Aminomethyl Propanol , Sigesbeckia Orientalis (St. Paul'S Wort) Extract , Polybutene , Sodium Hyaluronate , Dimethicone , Pyrus Malus (Apple) Fruit Extract , Lauryl Pca , Hexylene Glycol , Whey Protein/Lactis Protein/Proteine Du Petit-Lait , Acetyl Hexapeptide-8 , Cholesterol , Acrylates/C10-30 Alkyl Acrylate Crosspolymer , Sodium Lactate , Peg-100 Stearate , Propylene Glycol Dicaprylate , Persea Gratissima (Avocado) Oil , Phospholipids , Salicornia Herbacea Extract , Cucumis Melo (Melon) Fruit Extract , Linoleic Acid , Phytosteryl Canola Glycerides , Decarboxy Carnosine Hcl , Oleic Acid , Palmitic Acid , Caprylyl Glycol , Carbomer , Stearic Acid , Nordihydroguaiaretic Acid , Phytosphingosine , Triolein , Cyclodextrin , Potassium Sulfate , Linolenic Acid , Ethylbisiminomethylguaiacol Manganese Chloride , Disodium Edta , Bht , Potassium Sorbate , Phenoxyethanol , Mica , Titanium Dioxide (Ci 77891)",0,0,0,0,0,advanced_time_zone_age_reversing_line_wrinkle_eye_creme,estée_lauder,eye_cream,estée_lauder_advanced_time_zone_age_reversing_line_wrinkle_eye_creme,,,,,,,,,,"Adv Timezone Age Rvr Lw Eye Crm Division: El (Estee Lauder)Ingredients: Water;Butyrospermum Parkii (Shea Butter);Polyethylene;Cetyl Esters;Dicaprylyl Carbonate;Hydrogenated Polyisobutene;Cetearyl Alcohol;Isostearyl Neopentanoate;Sucrose;Propanediol;Butylene Glycol;Tamarindus Indica Seed Extract;Polygonum Cuspidatum Root Extract;Hydrolyzed Rice Extract;Vitis Vinifera (Grape) Seed Extract;Rosmarinus Officinalis (Rosemary) Extract;Selaginella Tamariscina (Spike Moss) Extract;Humulus Lupulus (Hops) Extract;Citrus Reticulata (Tangerine) Peel Extract;Punica Granatum (Pomegranate) Fruit Juice;Limonium Vulgare Flower/Leaf/Stem Extract;Yeast Extract/Faex/Extrait De Levure;Tocopheryl Acetate;Hordeum Vulgare (Barley) Extract/Extrait D'Orge;Lens Esculenta (Lentil) Fruit Extract;Hydrogenated Lecithin;Phytantriol;Cucumis Sativus (Cucumber) Fruit Extract;Trehalose;Methyl Glucose Sesquistearate;Acetyl Glucosamine;Cetearyl Glucoside;Citrullus Vulgaris (Watermelon) Fruit Extract;Cetyl Alcohol;Centaurium Erythraea (Centaury) Extract;Glycerin;Propylene Glycol Dicaprate;Caprylic/Capric Triglyceride;Sodium Pca;Helianthus Annuus (Sunflower) Seedcake;Caffeine;Aminomethyl Propanol;Sigesbeckia Orientalis (St, Paul'S Wort) Extract;Polybutene;Sodium Hyaluronate;Dimethicone;Pyrus Malus (Apple) Fruit Extract;Lauryl Pca;Hexylene Glycol;Whey Protein/Lactis Protein/Proteine Du Petit-Lait;Acetyl Hexapeptide-8;Cholesterol;Acrylates/C10-30 Alkyl Acrylate Crosspolymer;Sodium Lactate;Peg-100 Stearate;Propylene Glycol Dicaprylate;Persea Gratissima (Avocado) Oil;Phospholipids;Salicornia Herbacea Extract;Cucumis Melo (Melon) Fruit Extract;Linoleic Acid;Phytosteryl Canola Glycerides;Decarboxy Carnosine Hcl;Oleic Acid;Palmitic Acid;Caprylyl Glycol;Carbomer;Stearic Acid;Nordihydroguaiaretic Acid;Phytosphingosine;Triolein;Cyclodextrin;Potassium Sulfate;Linolenic Acid;Ethylbisiminomethylguaiacol Manganese Chloride;Disodium Edta;Bht;Potassium Sorbate;Phenoxyethanol;Mica;Titanium Dioxide (Ci 77891)",0.0,6.0,1004.0,3.5,0.5,Eye Care,128.0,58.33,0.6,eye care,nan
Eye cream,SHISEIDO,Sun Protection Eye Cream Broad Spectrum SPF 34 Sunscreen,34,4.4,Visit the Shiseido boutique,0,0,0,0,0,sun_protection_eye_cream_broad_spectrum_spf_34_sunscreen,shiseido,eye_cream,shiseido_sun_protection_eye_cream_broad_spectrum_spf_34_sunscreen,0.0,57.0,6821.0,4.3684,0.6,Eye Care,56.67,7.66,0.84,Visit the Shiseido boutique,0.0,57.0,6821.0,4.3684,0.6,Eye Care,56.67,7.66,0.84,eye care,Low (3k - 7k)
Eye cream,DR. DENNIS GROSS SKINCARE,Hyaluronic Marine Dew It Right Eye Gel,48,3.9,"Water, Butylene Glycol, Glycerin, Caprylic/Capric Triglyceride, Silica, Sodium Hyaluronate, Saccharide Isomerate, Caulerpa Lentillifera Extract, Sea Whip Extract, Smilax Aristolochiifolia Root Extract, Glycyrrhiza Glabra (Licorice) Root Extract, Caffeine, Panthenol, Glucosyl Hesperidin, Asiaticoside, Madecassoside, Disodium Rutinyl Disulfate, Stearyl Heptanoate, Sodium PCA, Lactic Acid, Trehalose, Hydrogenated Lecithin, Citric Acid, Sodium Hydroxide, Acrylates/C10-30 Alkyl Acrylate Crosspolymer, Glyceryl Polyacrylate, Sodium Citrate, Xanthan Gum, Dimethicone, Sodium Potassium Aluminum Silicate, Carbomer, Phenoxyethanol, Benzyl Alcohol, Tin Oxide (CI 77861), Mica (CI 77019), Titanium Dioxide (CI 77891).",1,1,1,1,1,hyaluronic_marine_dew_it_right_eye_gel,dr._dennis_gross_skincare,eye_cream,dr._dennis_gross_skincare_hyaluronic_marine_dew_it_right_eye_gel,0.0,72.0,8609.0,3.8056,0.5,Eye Care,96.0,5.29,0.84,"Butylene Glycol;Glycerin;Caprylic/Capric Triglyceride;Silica;Sodium Hyaluronate;Saccharide Isomerate;Caulerpa Lentillifera Extract;Sea Whip Extract;Smilax Aristolochiifolia Root Extract;Glycyrrhiza Glabra (Licorice) Root Extract;Caffeine;Panthenol;Glucosyl Hesperidin;Asiaticoside;Madecassoside;Disodium Rutinyl Disulfate;Stearyl Heptanoate;Sodium PCA;Lactic Acid;Trehalose;Hydrogenated Lecithin;Citric Acid;Sodium Hydroxide;Acrylates/C10-30 Alkyl Acrylate Crosspolymer;Glyceryl Polyacrylate;Sodium Citrate;Xanthan Gum;Dimethicone;Sodium Potassium Aluminum Silicate;Carbomer;Phenoxyethanol;Benzyl Alcohol;Tin Oxide (CI 77861);Mica (CI 77019);Titanium Dioxide (CI 77891),",0.0,72.0,8609.0,3.8056,0.5,Eye Care,96.0,5.29,0.84,eye care,Medium (7k - 13k)
Eye cream,ALGENIST,GENIUS Ultimate Anti-Aging Eye Cream,74,3.7,"Water, Caprylic/Capric Triglyceride, Glycerin, Butyrospermum Parkii (Shea) Butter, Hydrogenated Polyisobutene, Chlorella Protothecoides Oil, Dimethicone, Glyceryl Stearate, PEG-100 Stearate, Cetearyl Alcohol, Cetyl Alcohol, Pentylene Glycol, Silica, Algae Exopolysaccharides, Vegetable Collagen, Algae Extract, Palmitoyl Oligopeptide, Palmitoyl Tetrapeptide-7, Copper Lysine Prolinate, Methyl Glucoside Phosphate, Albiza Julibrissin Bark Extract, Kigelia Africana Fruit Extract, Plantago Lanceolata Leaf Extract, Chrysin, Darutoside, Sodium PCA, Leuconostoc/Radish Root Ferment Filtrate, Stearic Acid, Ceteareth-20, Caprylyl Glycol, Steareth-20, Acrylates/C10-30 Alkyl Acrylate Crosspolymer, Butylene Glycol, Sodium Benzoate, Potassium Sorbate, Xanthan Gum, Chlorhexidine Digluconate, N-Hydroxysuccinimide, Chlorphenesin, Sodium Citrate, Disodium EDTA, Citric Acid, Sodium Hydroxide, Phenoxyethanol.",0,0,0,0,0,genius_ultimate_anti_aging_eye_cream,algenist,eye_cream,algenist_genius_ultimate_anti_aging_eye_cream,0.0,92.0,4495.0,3.6957,0.5,Eye Care,148.0,4.02,2.05,"Caprylic/Capric Triglyceride;Glycerin;Butyrospermum Parkii (Shea) Butter;Hydrogenated Polyisobutene;Chlorella Protothecoides Oil;Dimethicone;Glyceryl Stearate;PEG-100 Stearate;Cetearyl Alcohol;Cetyl Alcohol;Pentylene Glycol;Silica;Algae Exopolysaccharides;Vegetable Collagen;Algae Extract;Palmitoyl Oligopeptide;Palmitoyl Tetrapeptide-7;Copper Lysine Prolinate;Methyl Glucoside Phosphate;Albiza Julibrissin Bark Extract;Kigelia Africana Fruit Extract;Plantago Lanceolata Leaf Extract;Chrysin;Darutoside;Sodium PCA;Leuconostoc/Radish Root Ferment Filtrate;Stearic Acid;Ceteareth-20;Caprylyl Glycol;Steareth-20;Acrylates/C10-30 Alkyl Acrylate Crosspolymer;Butylene Glycol;Sodium Benzoate;Potassium Sorbate;Xanthan Gum;Chlorhexidine Digluconate;N-Hydroxysuccinimide;Chlorphenesin;Sodium Citrate;Disodium EDTA;Citric Acid;Sodium Hydroxide;Phenoxyethanol,",0.0,92.0,4495.0,3.6957,0.5,Eye Care,148.0,4.02,2.05,eye care,Low (3k - 7k)
Eye cream,SHISEIDO,Ibuki Eye Correcting Cream,40,3.8,"Water, Dimethicone, Alcohol Denat., Glycerin, Butylene Glycol, Dipropylene Glycol, Polymethylsilsesquioxane, Diphenylsiloxy Phenyl Trimethicone, Peg-10 Dimethicone, Disteardimonium Hectorite, Titanium Dioxide (Ci 77891), Pentaerythrityl Tetraethylhexanoate, Trehalose, Peg-150, Isostearic Acid, Mica, Disodium Edta, Alcohol, Fragrance, Betaine, Tocopheryl Acetate, Sodium Citrate, Tin Oxide, Aluminum Hydroxide, Limonene, Citric Acid, Menthol, Hexyl Cinnamal, Butylphenyl Methylpropional, Hydrogen Dimethicone, Polysilicone-2,Iron Oxides (Ci 77491), Benzyl Benzoate, Linalool, Talc, Citronellol, Lamium Album Flower Extract, Citrus Junos Seed Extract, Houttuynia Cordata Extract, Tocopherol, Dimethicone/Methicone Copolymer, Zingiber Aromaticus Extract.",0,0,0,0,0,ibuki_eye_correcting_cream,shiseido,eye_cream,shiseido_ibuki_eye_correcting_cream,,,,,,,,,,"Dimethicone;Alcohol Denat,;Glycerin;Butylene Glycol;Dipropylene Glycol;Polymethylsilsesquioxane;Diphenylsiloxy Phenyl Trimethicone;Peg-10 Dimethicone;Disteardimonium Hectorite;Titanium Dioxide (Ci 77891);Pentaerythrityl Tetraethylhexanoate;Trehalose;Peg-150;Isostearic Acid;Mica;Disodium Edta;Alcohol;Fragrance;Betaine;Tocopheryl Acetate;Sodium Citrate;Tin Oxide;Aluminum Hydroxide;Limonene;Citric Acid;Menthol;Hexyl Cinnamal;Butylphenyl Methylpropional;Hydrogen Dimethicone;Polysilicone-2;Iron Oxides (Ci 77491);Benzyl Benzoate;Linalool;Talc;Citronellol;Lamium Album Flower Extract;Citrus Junos Seed Extract;Houttuynia Cordata Extract;Tocopherol;Dimethicone/Methicone Copolymer;Zingiber Aromaticus Extract,",,,,,,,,,,eye care,nan
Eye cream,KIEHL'S SINCE 1851,Youth Dose Eye Treatment,39,2.8,"Water, Dimethicone, Glycerin, Dimethicone/Vinyl Dimethicone Crosspolymer, Vinly Dimethicone/Methicone Silsesquioxane Crosspollymer, Hydroxypropyl Tetrahydropyrantriol, Isononyl Isononanoate, Propylene Glycol, Ascorbyl Glucoside, Octyldoecanol, Lauryl PEG-9 Polydimethylsiloxyethyl Dimethicone, Methyl Methacrylate Crosspolymer, Boron Nitride, CI 77891/Titanium Dioxide, Mica, Phenoxyethanol, PEG/PPPG-18/18 DImethicone, Silica Silylate, Hydrolyzed Soy protein, CI 77163/Bismuth Oxychloride, Sodium Hyaluronate, Chlorphenesin, Magnesium Sulfate, Sodium Hydroxide, Caffine, Retinyl Palmitate, Vitis Vinifer Seed Extract/Grape Seed Extract, Capryloyl Salicyclic Acid, Pentaerythrityl Tetra-Di-T-Butyl Hydroxyhydrocinnamate, Tetrasodium EDTA, CI 77491/Iron Oxides, Adenosine, Pentylene Glycol, Tocopherol.",1,1,1,1,1,youth_dose_eye_treatment,kiehl's_since_1851,eye_cream,kiehl's_since_1851_youth_dose_eye_treatment,0.0,39.0,3773.0,2.7436,0.5,Eye Care,78.0,7.03,1.03,"Dimethicone;Glycerin;Dimethicone/Vinyl Dimethicone Crosspolymer;Vinly Dimethicone/Methicone Silsesquioxane Crosspollymer;Hydroxypropyl Tetrahydropyrantriol;Isononyl Isononanoate;Propylene Glycol;Ascorbyl Glucoside;Octyldoecanol;Lauryl PEG-9 Polydimethylsiloxyethyl Dimethicone;Methyl Methacrylate Crosspolymer;Boron Nitride;CI 77891/Titanium Dioxide;Mica;Phenoxyethanol;PEG/PPPG-18/18 DImethicone;Silica Silylate;Hydrolyzed Soy protein;CI 77163/Bismuth Oxychloride;Sodium Hyaluronate;Chlorphenesin;Magnesium Sulfate;Sodium Hydroxide;Caffine;Retinyl Palmitate;Vitis Vinifer Seed Extract/Grape Seed Extract;Capryloyl Salicyclic Acid;Pentaerythrityl Tetra-Di-T-Butyl Hydroxyhydrocinnamate;Tetrasodium EDTA;CI 77491/Iron Oxides;Adenosine;Pentylene Glycol;Tocopherol,",0.0,39.0,3773.0,2.7436,0.5,Eye Care,78.0,7.03,1.03,eye care,Low (3k - 7k)
Eye cream,DR ROEBUCK’S,Down Under Collagen Boosting Eye Treatment,38,4.0,"Water, Macadamia Ternifolia Seed Oil, Cetearyl Alcohol, Coco-Caprylate, , Butyrospermum Parkii (Shea) Butter, Cetearyl Glucoside, Glyceryl Stearate SE, Glycerin, Ceteareth-20, Cocos Nucifera (Coconut) Oil, Dehydroacetic Acid, Benzyl Alcohol, Caffeine, Sodium salicylate, Lecithin, Silica, Rosa Canina (Rose Hips) Fruit Oil, Sodium PCA, Arnica Montana Flower Extract, Tocopherol, Caprylyl Glycol, Xanthan Gum.",1,1,1,1,1,down_under_collagen_boosting_eye_treatment,dr_roebuck’s,eye_cream,dr_roebuck’s_down_under_collagen_boosting_eye_treatment,,,,,,,,,,"Macadamia Ternifolia Seed Oil;Cetearyl Alcohol;Coco-Caprylate;Butyrospermum Parkii (Shea) Butter;Cetearyl Glucoside;Glyceryl Stearate SE;Glycerin;Ceteareth-20;Cocos Nucifera (Coconut) Oil;Dehydroacetic Acid;Benzyl Alcohol;Caffeine;Sodium salicylate;Lecithin;Silica;Rosa Canina (Rose Hips) Fruit Oil;Sodium PCA;Arnica Montana Flower Extract;Tocopherol;Caprylyl Glycol;Xanthan Gum,",1.0,73.0,6557.0,3.7808,0.5,Eye Care,76.0,5.18,1.11,eye care,nan
Eye cream,DIOR,Capture Totale Multi-Perfection Eye Treatment,105,3.5,Visit the Dior boutique,0,0,0,0,0,capture_totale_multi_perfection_eye_treatment,dior,eye_cream,dior_capture_totale_multi_perfection_eye_treatment,0.0,20.0,1361.0,3.5,0.5,Eye Care,210.0,17.5,1.47,Visit the Dior boutique,0.0,20.0,1361.0,3.5,0.5,Eye Care,210.0,17.5,1.47,eye care,Very Low (0 - 3k)
Eye cream,SHISEIDO,Bio Performance Glow Revival Eye Treatment,68,4.0,"Water, Glycerin, Dipropylene Glycol, Dimethicone, Butylene Glycol, Sd Alcohol 40-B (Alcohol Denat.), Methyl Gluceth-10, Myristyl Myristate, Petrolatum, Hydrogenated Polydecene, Behenyl Alcohol, Stearyl Alcohol, Glyceryl Stearate Se, Cetyl Ethylhexanoate, Peg/Ppg-14/7 Dimethyl Ether, Dimethicone Crosspolymer, Polysorbate 60, Peg-40 Stearate, Sodium Acrylate/Sodium Acryloyldimethyl Taurate Copolymer, Phenoxyethanol, Mica, Isohexadecane, Titanium Dioxide (Ci 77891), Polyvinyl Alcohol, Polysorbate 80, Sorbitan Tristearate, Tocopheryl Acetate, Caffeine, Sodium Citrate, Fragrance (Parfum), 2-O-Ethyl Ascorbic Acid, Sorbitan Oleate, Disodium Edta, Xanthan Gum, Alcohol, Limonene, Citric Acid, Sodium Metaphosphate, Xylitol, Oryzanol, Magnesium Ascorbyl Phosphate, Hexyl Cinnamal, Benzyl Benzoate, Butylphenyl Methylpropional, Linalool, Sodium Metabisulfite, Sodium Acetylated Hyaluronate, Iron Oxides (Ci 77491), Alpha-Isomethyl Ionone, Saccharomyces Ferment Lysate Filtrate, Crataegus Monogyna Flower Extract, Citronellol, Geraniol, Dipotassium Glycyrrhizate, Paeonia Suffruticosa Root Extract, Tocopherol, Rehmannia Chinensis Root Extract, Cinnamomum Cassia Bark Extract, Bupleurum Falcatum Root Extract, Coix Lacryma-Jobi Ma-Yuen Seed Extract, Camellia Sinensis Leaf Extract.",0,0,0,0,0,bio_performance_glow_revival_eye_treatment,shiseido,eye_cream,shiseido_bio_performance_glow_revival_eye_treatment,0.0,21.0,2851.0,4.0476,0.54,Eye Care,129.63,19.27,0.74,"Glycerin;Dipropylene Glycol;Dimethicone;Butylene Glycol;Sd Alcohol 40-B (Alcohol Denat,);Methyl Gluceth-10;Myristyl Myristate;Petrolatum;Hydrogenated Polydecene;Behenyl Alcohol;Stearyl Alcohol;Glyceryl Stearate Se;Cetyl Ethylhexanoate;Peg/Ppg-14/7 Dimethyl Ether;Dimethicone Crosspolymer;Polysorbate 60;Peg-40 Stearate;Sodium Acrylate/Sodium Acryloyldimethyl Taurate Copolymer;Phenoxyethanol;Mica;Isohexadecane;Titanium Dioxide (Ci 77891);Polyvinyl Alcohol;Polysorbate 80;Sorbitan Tristearate;Tocopheryl Acetate;Caffeine;Sodium Citrate;Fragrance (Parfum);2-O-Ethyl Ascorbic Acid;Sorbitan Oleate;Disodium Edta;Xanthan Gum;Alcohol;Limonene;Citric Acid;Sodium Metaphosphate;Xylitol;Oryzanol;Magnesium Ascorbyl Phosphate;Hexyl Cinnamal;Benzyl Benzoate;Butylphenyl Methylpropional;Linalool;Sodium Metabisulfite;Sodium Acetylated Hyaluronate;Iron Oxides (Ci 77491);Alpha-Isomethyl Ionone;Saccharomyces Ferment Lysate Filtrate;Crataegus Monogyna Flower Extract;Citronellol;Geraniol;Dipotassium Glycyrrhizate;Paeonia Suffruticosa Root Extract;Tocopherol;Rehmannia Chinensis Root Extract;Cinnamomum Cassia Bark Extract;Bupleurum Falcatum Root Extract;Coix Lacryma-Jobi Ma-Yuen Seed Extract;Camellia Sinensis Leaf Extract,",0.0,21.0,2851.0,4.0476,0.54,Eye Care,129.63,19.27,0.74,eye care,Very Low (0 - 3k)
Eye cream,PETER THOMAS ROTH,Instant FIRMx Eye™,38,3.6,"Water, Glycerin, Butylene Glycol, Sodium Silicate, Magnesium Aluminum Silicate, Sodium Magnesium Fluorosilicate, Palmitoyl Tetrapeptide-7, Dipeptide-2, Ascorbic Acid, Tocopheryl Acetate, Hesperidin Methyl Chalcone, Retinyl Palmitate, Panthenol, Foeniculum Vulgare (Fennel) Seed Extract, Medicago Sativa (Alfalfa) Seed Extract, Carrageenan, Argania Spinosa Kernel Extract, Peg-8 Dimethicone, Silica, Octyldodecanol, Symphytum Officinale Leaf Extract, Sodium Propoxyhydroxypropyl Thiosulfate Silica, Bht, Disodium Edta, Hydrolyzed Lupine Protein, Steareth-20, Sodium Cocoyl Glutamate, Carbomer, Chlorhexidine Digluconate, Ethylhexylglycerin, Potassium Sorbate, Citric Acid, Sodium Citrate, Sodium Benzoate, Phenoxyethanol.",0,0,0,0,0,instant_firmx_eye,peter_thomas_roth,eye_cream,peter_thomas_roth_instant_firmx_eye,,,,,,,,,,"Glycerin;Butylene Glycol;Sodium Silicate;Magnesium Aluminum Silicate;Sodium Magnesium Fluorosilicate;Palmitoyl Tetrapeptide-7;Dipeptide-2;Ascorbic Acid;Tocopheryl Acetate;Hesperidin Methyl Chalcone;Retinyl Palmitate;Panthenol;Foeniculum Vulgare (Fennel) Seed Extract;Medicago Sativa (Alfalfa) Seed Extract;Carrageenan;Argania Spinosa Kernel Extract;Peg-8 Dimethicone;Silica;Octyldodecanol;Symphytum Officinale Leaf Extract;Sodium Propoxyhydroxypropyl Thiosulfate Silica;Bht;Disodium Edta;Hydrolyzed Lupine Protein;Steareth-20;Sodium Cocoyl Glutamate;Carbomer;Chlorhexidine Digluconate;Ethylhexylglycerin;Potassium Sorbate;Citric Acid;Sodium Citrate;Sodium Benzoate;Phenoxyethanol,",0.0,383.0,5774.0,3.5692,1.0,,38.0,0.93,6.63,eye care,nan
Eye cream,LANCÔME,Visionnaire Eye Cream Advanced Multi-Correcting Eye Balm,65,3.9,"Dimethicone, Water, Glycerin, Isononyl Isononanoate, Dimethicone Crosspolymer, Vinyl Dimethicone/Methicone Silsesquioxane Crosspolymer, Butylene Glycol, Alcohol Denat., Boron Nitride, Lauryl Peg-9 Polydimethylsiloxyethyl Dimethicone, Methyl Methacrylate Crosspolymer, Ci 77891, Titanium Dioxide, Mica, Ascorbyl Glucoside, Tocopherol, Hydrolyzed Soy Protein, Sodium Hydroxide, Phenoxyethanol, Steareth-20, Caffeine, Peg/Ppg-18/18 Dimethicone, Magnesium Sulfate, N-Hydroxysuccinimide, Silica Silylate, Chlorhexidine Digluconate, Palmitoyl Oligopeptide, Palmitoyl Tetrapeptide-7, Pentylene Glycol, Synthetic Fluorphlogopite, Caprylyl Glycol, Capryloyl Salicylic Acid, Farnesol, Chrysin, Bisabolol, Disodium Stearoyl Glutamate, Methyldihydrojasmonate, Tetrasodium Edta, Retinyl Palmitate, Potassium Sorbate, Bht, Aluminum Hydroxide.",1,1,1,1,1,visionnaire_eye_cream_advanced_multi_correcting_eye_balm,lancôme,eye_cream,lancôme_visionnaire_eye_cream_advanced_multi_correcting_eye_balm,,,,,,,,,,"Dimethicone;Glycerin;Isononyl Isononanoate;Dimethicone Crosspolymer;Vinyl Dimethicone/Methicone Silsesquioxane Crosspolymer;Butylene Glycol;Alcohol Denat,;Boron Nitride;Lauryl Peg-9 Polydimethylsiloxyethyl Dimethicone;Methyl Methacrylate Crosspolymer;Ci 77891;Titanium Dioxide;Mica;Ascorbyl Glucoside;Tocopherol;Hydrolyzed Soy Protein;Sodium Hydroxide;Phenoxyethanol;Steareth-20;Caffeine;Peg/Ppg-18/18 Dimethicone;Magnesium Sulfate;N-Hydroxysuccinimide;Silica Silylate;Chlorhexidine Digluconate;Palmitoyl Oligopeptide;Palmitoyl Tetrapeptide-7;Pentylene Glycol;Synthetic Fluorphlogopite;Caprylyl Glycol;Capryloyl Salicylic Acid;Farnesol;Chrysin;Bisabolol;Disodium Stearoyl Glutamate;Methyldihydrojasmonate;Tetrasodium Edta;Retinyl Palmitate;Potassium Sorbate;Bht;Aluminum Hydroxide,",0.0,387.0,4072.0,3.9276,0.5,,130.0,1.01,9.5,eye care,nan
Eye cream,FOREO,IRIS™ Illuminating Eye Massager,139,3.5,Visit the Foreo boutique,0,0,0,0,0,iris_illuminating_eye_massager,foreo,eye_cream,foreo_iris_illuminating_eye_massager,,,,,,,,,,Visit the Foreo boutique,0.0,46.0,5356.0,3.5652,,,,7.75,0.86,eye care,nan
Eye cream,L'OCCITANE,Divine Eyes,79,3.7,"Water, Glycerin, Rosa Centifolia Flower Water, Caprylic/Capric Triglyceride, C14-22 Alcohols, Dimethicone, Glyceryl Stearate, Oenothera Biennis (Evening Primrose) Oil, Butyrospermum Parkii (Shea) Butter, Helichrysum Italicum Flower Oil, Myrtus Communis Oil, Helichrysum Italicum Extract, Camelina Sativa Seed Oil, Borago Officinalis Seed Oil, Echium Plantagineum Seed Oil, Fraxinus Excelsior Bark Extract, Polygonum Fagopyrum Seed Extract, Helianthus Annuus (Sunflower) Seed Oil, Rosmarinus Officinalis (Rosemary) Leaf Extract, Mel/Honey, Hydrogenated Vegetable Oil, Sucrose Palmitate, C12-20 Alkyl Glucoside, Glyceryl Linoleate, Carbomer, Peg-100 Stearate, Sodium Phytate, Ethylhexylglycerin, Phenoxyethanol, Chlorphenesin, Sodium Benzoate, Potassium Sorbate, Tocopheryl Acetate, Alcohol, Tocopherol, Limonene.",0,0,0,0,0,divine_eyes,l'occitane,eye_cream,l'occitane_divine_eyes,0.0,16.0,1465.0,3.6875,0.5,Eye Care,160.0,23.05,1.09,"Glycerin;Rosa Centifolia Flower Water;Caprylic/Capric Triglyceride;C14-22 Alcohols;Dimethicone;Glyceryl Stearate;Oenothera Biennis (Evening Primrose) Oil;Butyrospermum Parkii (Shea) Butter;Helichrysum Italicum Flower Oil;Myrtus Communis Oil;Helichrysum Italicum Extract;Camelina Sativa Seed Oil;Borago Officinalis Seed Oil;Echium Plantagineum Seed Oil;Fraxinus Excelsior Bark Extract;Polygonum Fagopyrum Seed Extract;Helianthus Annuus (Sunflower) Seed Oil;Rosmarinus Officinalis (Rosemary) Leaf Extract;Mel/Honey;Hydrogenated Vegetable Oil;Sucrose Palmitate;C12-20 Alkyl Glucoside;Glyceryl Linoleate;Carbomer;Peg-100 Stearate;Sodium Phytate;Ethylhexylglycerin;Phenoxyethanol;Chlorphenesin;Sodium Benzoate;Potassium Sorbate;Tocopheryl Acetate;Alcohol;Tocopherol;Limonene,",0.0,16.0,1465.0,3.6875,0.5,Eye Care,160.0,23.05,1.09,eye care,Very Low (0 - 3k)
Eye cream,DR. DENNIS GROSS SKINCARE,C+ Collagen Brighten & Firm Eye Cream,65,3.5,"Water, C12-15 Alkyl Benzoate, Glycerin, Pentylene Glycol, Caprylic/Capric Triglyceride, Niacinamide, Aminobutyric Acid, Glyceryl Stearate, Hydroxyethyl Acrylate/Sodium Acryloyldimethyl Taurate Copolymer, PEG-40 Stearate, Silica, Stearyl Alcohol, 3-O-Ethyl Ascorbic Acid, Ascorbic Acid, Collagen Amino Acids, Superoxide Dismutase, Glycine, Hydroxyproline, Carnitine, Ubiquinone, Adenosine, Phyllanthus Emblica Fruit Extract, Hydrolyzed Soy Protein, Ascorbyl Glucoside, Ceramide NG, Dipeptide-2, Palmitoyl Tetrapeptide-7, Palmitoyl Tripeptide-1, Palmitoyl Hexapeptide-12, Hesperidin Methyl Chalcone, Ectoin, Chrysin, Glycyrrhiza Glabra (Licorice) Root Extract, Cucumis Sativus (Cucumber) Fruit Extract, Tocopherol, Lactic Acid, Biotin, Sea Whip Extract, Porphyridium Cruentum Extract, Echinacea Angustifolia Extract, Arnica Montana Flower Extract, Phytic Acid, Tetrasodium EDTA, Trisodium EDTA, Citric Acid, Sodium Citrate, N-Hydroxysuccinimide, Lecithin, Tribehenin, Butylene Glycol, Sorbitan Isostearate, Steareth-20, Ceteareth-20, Hydroxypropyl Methylcellulose, Pullulan, Acrylates/C10-30 Alkyl Acrylate Crosspolymer, Cetearyl Alcohol, Polysorbate 60, PEG-10 Phytosterol, Leuconostoc/Radish Root Ferment Filtrate, Phenoxyethanol, Chlorhexidine Digluconate, Potassium Sorbate, Benzyl Alcohol, Sodium Benzoate, Mica, Titanium Dioxide (CI 77891).",1,1,1,1,1,c_collagen_brighten_firm_eye_cream,dr._dennis_gross_skincare,eye_cream,dr._dennis_gross_skincare_c_collagen_brighten_firm_eye_cream,,,,,,,,,,"C12-15 Alkyl Benzoate;Glycerin;Pentylene Glycol;Caprylic/Capric Triglyceride;Niacinamide;Aminobutyric Acid;Glyceryl Stearate;Hydroxyethyl Acrylate/Sodium Acryloyldimethyl Taurate Copolymer;PEG-40 Stearate;Silica;Stearyl Alcohol;3-O-Ethyl Ascorbic Acid;Ascorbic Acid;Collagen Amino Acids;Superoxide Dismutase;Glycine;Hydroxyproline;Carnitine;Ubiquinone;Adenosine;Phyllanthus Emblica Fruit Extract;Hydrolyzed Soy Protein;Ascorbyl Glucoside;Ceramide NG;Dipeptide-2;Palmitoyl Tetrapeptide-7;Palmitoyl Tripeptide-1;Palmitoyl Hexapeptide-12;Hesperidin Methyl Chalcone;Ectoin;Chrysin;Glycyrrhiza Glabra (Licorice) Root Extract;Cucumis Sativus (Cucumber) Fruit Extract;Tocopherol;Lactic Acid;Biotin;Sea Whip Extract;Porphyridium Cruentum Extract;Echinacea Angustifolia Extract;Arnica Montana Flower Extract;Phytic Acid;Tetrasodium EDTA;Trisodium EDTA;Citric Acid;Sodium Citrate;N-Hydroxysuccinimide;Lecithin;Tribehenin;Butylene Glycol;Sorbitan Isostearate;Steareth-20;Ceteareth-20;Hydroxypropyl Methylcellulose;Pullulan;Acrylates/C10-30 Alkyl Acrylate Crosspolymer;Cetearyl Alcohol;Polysorbate 60;PEG-10 Phytosterol;Leuconostoc/Radish Root Ferment Filtrate;Phenoxyethanol;Chlorhexidine Digluconate;Potassium Sorbate;Benzyl Alcohol;Sodium Benzoate;Mica;Titanium Dioxide (CI 77891),",0.0,48.0,6425.0,3.4792,0.5,Eye Care,130.0,7.25,0.75,eye care,nan
Eye cream,DR. BRANDT SKINCARE,24/7 Retinol Eye Cream,55,3.5,"Water, Glycerin, Cyclopentasiloxane, Propanediol, Dimethiconol, Coco-Caprylate/Caprate, Hydroxyethyl Acrylate/Sodium Acryloyldimethyl Taurate Copolymer, Phenoxyethanol, Mica, Acrylates/C10-30 Alkyl Acrylate Crosspolymer, Citrus Nobilis (Mandarin Orange) Peel Oil, Sodium Benzoate, Isohexadecane, Polysorbate 60, Triethoxycaprylylsilane, Maslinic Acid, Caprylic/Capric Triglyceride, Sodium Hydroxide, Hyaluronic Acid, Ruby Powder, Ethylhexylglycerin, Aluminum Hydroxide, Glycine Soja (Soybean) Oil, Glucosyl Hesperidin, Tocopheryl Acetate, Retinol, Lecithin, Limonene, Titanium Dioxide (Ci 77891), Iron Oxides (Ci 77491).",1,1,1,1,0,24_7_retinol_eye_cream,dr._brandt_skincare,eye_cream,dr._brandt_skincare_24_7_retinol_eye_cream,0.0,42.0,6409.0,3.4286,0.5,Eye Care,110.0,8.16,0.66,"Glycerin;Cyclopentasiloxane;Propanediol;Dimethiconol;Coco-Caprylate/Caprate;Hydroxyethyl Acrylate/Sodium Acryloyldimethyl Taurate Copolymer;Phenoxyethanol;Mica;Acrylates/C10-30 Alkyl Acrylate Crosspolymer;Citrus Nobilis (Mandarin Orange) Peel Oil;Sodium Benzoate;Isohexadecane;Polysorbate 60;Triethoxycaprylylsilane;Maslinic Acid;Caprylic/Capric Triglyceride;Sodium Hydroxide;Hyaluronic Acid;Ruby Powder;Ethylhexylglycerin;Aluminum Hydroxide;Glycine Soja (Soybean) Oil;Glucosyl Hesperidin;Tocopheryl Acetate;Retinol;Lecithin;Limonene;Titanium Dioxide (Ci 77891);Iron Oxides (Ci 77491),",0.0,42.0,6409.0,3.4286,0.5,Eye Care,110.0,8.16,0.66,eye care,Low (3k - 7k)
Eye cream,PETER THOMAS ROTH,Un-Wrinkle Eye,100,3.8,"Water, Glycerin, Boron Nitride, Cyclomethicone, Polysorbate 20, C12-15 Alkyl Benzoate, Cyclopentasiloxane, Prunus Amygdalus Dulcis (Sweet Almond) Oil, Dipeptide Diaminobutyroyl Benzylamide Diacetate, Acetyl Octapeptide-3, Acetyl Hexapeptide-8, Palmitoyl Oligopeptide, Palmitoyl Tetrapeptide-7, Palmitoyl Tripeptide-5, Tocopheryl Acetate, Retinyl Palmitate, Sodium Hyaluronate, Aloe Barbadensis Leaf Juice, Allantoin, Bht, Prunus Amygdalus Dulcis (Sweet Almond) Seed Extract, Helianthus Annuus (Sunflower) Seed Oil, Ethylhexylglycerin, Hexylene Glycol, Propylene Glycol, Peg-12 Dimethicone, Methyl Gluceth-20, Carbomer, Dimethicone, Disodium Edta, Sodium Hydroxide, Silica Dimethyl Silylate, Butylene Glycol, Triethanolamine, Potassium Sorbate, Caprylyl Glycol, Sodium Benzoate, Phenoxyethanol.",0,0,0,0,0,un_wrinkle_eye,peter_thomas_roth,eye_cream,peter_thomas_roth_un_wrinkle_eye,0.0,92.0,2921.0,3.8478,0.5,Eye Care,200.0,4.18,3.15,"Glycerin;Boron Nitride;Cyclomethicone;Polysorbate 20;C12-15 Alkyl Benzoate;Cyclopentasiloxane;Prunus Amygdalus Dulcis (Sweet Almond) Oil;Dipeptide Diaminobutyroyl Benzylamide Diacetate;Acetyl Octapeptide-3;Acetyl Hexapeptide-8;Palmitoyl Oligopeptide;Palmitoyl Tetrapeptide-7;Palmitoyl Tripeptide-5;Tocopheryl Acetate;Retinyl Palmitate;Sodium Hyaluronate;Aloe Barbadensis Leaf Juice;Allantoin;Bht;Prunus Amygdalus Dulcis (Sweet Almond) Seed Extract;Helianthus Annuus (Sunflower) Seed Oil;Ethylhexylglycerin;Hexylene Glycol;Propylene Glycol;Peg-12 Dimethicone;Methyl Gluceth-20;Carbomer;Dimethicone;Disodium Edta;Sodium Hydroxide;Silica Dimethyl Silylate;Butylene Glycol;Triethanolamine;Potassium Sorbate;Caprylyl Glycol;Sodium Benzoate;Phenoxyethanol,",0.0,92.0,2921.0,3.8478,0.5,Eye Care,200.0,4.18,3.15,eye care,Very Low (0 - 3k)
Eye cream,MURAD,Essential-C Eye Cream SPF 15 PA++,69,4.0,"Water, Butylene Glycol, Bis-Diglyceryl Polyacyladipate-2, Caprylic/Capric/Myristic/Stearic Triglyceride, Shorea Stenoptera Seed Butter, Cetyl Alcohol, PEG-100 Stearate, Glyceryl Stearate, Silica, Stearic Acid, Dimethicone, Cetyl Phosphate, Rice Amino Acids, Urea, Yeast Amino Acids, Trehalose, Inositol, Taurine, Betaine, Zinc Aspartate, Retinol, Caprylic/Capric Triglyceride, Avocado Oil, Cimicifuga Racemosa Root Extract, Caffeine, Siloxanetriol Alginate, Methylsilanol Mannuronate, Phospholipids, Tocopheryl Acetate, Retinyl Palmitate, Ascorbyl Palmitate, Panthenol, Sodium PCA, Polyester-8, Carbomer, Aminomethyl Propanol, Disodium EDTA, Phenoxyethanol, Caprylyl Glycol, Chlorphenesin, Titanium Dioxide (CI 77891), Iron Oxide (CI 77499).",0,0,0,0,0,essential_c_eye_cream_spf_15_pa,murad,eye_cream,murad_essential_c_eye_cream_spf_15_pa,0.0,247.0,6096.0,3.996,0.5,Eye Care,140.0,1.62,4.05,"Butylene Glycol;Bis-Diglyceryl Polyacyladipate-2;Caprylic/Capric/Myristic/Stearic Triglyceride;Shorea Stenoptera Seed Butter;Cetyl Alcohol;PEG-100 Stearate;Glyceryl Stearate;Silica;Stearic Acid;Dimethicone;Cetyl Phosphate;Rice Amino Acids;Urea;Yeast Amino Acids;Trehalose;Inositol;Taurine;Betaine;Zinc Aspartate;Retinol;Caprylic/Capric Triglyceride;Avocado Oil;Cimicifuga Racemosa Root Extract;Caffeine;Siloxanetriol Alginate;Methylsilanol Mannuronate;Phospholipids;Tocopheryl Acetate;Retinyl Palmitate;Ascorbyl Palmitate;Panthenol;Sodium PCA;Polyester-8;Carbomer;Aminomethyl Propanol;Disodium EDTA;Phenoxyethanol;Caprylyl Glycol;Chlorphenesin;Titanium Dioxide (CI 77891);Iron Oxide (CI 77499),",0.0,247.0,6096.0,3.996,0.5,Eye Care,140.0,1.62,4.05,eye care,Low (3k - 7k)
Eye cream,L'OCCITANE,Immortelle Eye Balm,44,4.1,Visit the L'Occitane boutique,0,0,0,0,0,immortelle_eye_balm,l'occitane,eye_cream,l'occitane_immortelle_eye_balm,0.0,216.0,5019.0,4.1435,0.5,Eye Care,90.0,1.92,4.3,Visit the L'Occitane boutique,0.0,216.0,5019.0,4.1435,0.5,Eye Care,90.0,1.92,4.3,eye care,Low (3k - 7k)
Eye cream,PHILOSOPHY,Ultimate Miracle Worker Eye Cream,70,4.0,"Water, Glycerin, Dicaprylyl Carbonate, Isononyl Isononanoate, Methyl Methacrylate Crosspolymer, Dimethicone, Cyclopentasiloxane, Tribehenin Peg-20 Esters, Cetyl Alcohol, Isostearyl Isostearate, Trisiloxane, Glyceryl Stearate, Peg-100 Stearate, Cetyl Stearate, Stearic Acid, Bifida Ferment Lysate, Potassium Cetyl Phosphate, Phenoxyethanol, Dimethicone Crosspolymer, Caffeine, Chlorphenesin, Propylene Glycol, Carbomer, Hydroxyethyl Acrylate/Sodium Acryloyldimethyl Taurate Copolymer, Glycine Soja (Soybean) Oil, Sodium Hydroxide, Squalane, Hippophae Rhamnoides Oil, Iris Pallida Root Extract, Ruby Powder, Disodium Edta, Alcohol, Algae Extract, Mica, Lecithin, Ascorbyl Glucoside, Adenosine, Cellulose Gum, Ginkgo Biloba Leaf Extract, Retinol, Peg-8, Polysorbate 20, Polysorbate 60, Calcium Sodium Phosphosilicate, Bht, Acrylates/C10-30 Alkyl Acrylate Crosspolymer, Chitosan, Ethylhexylglycerin, Glycolic Acid, Sorbitan Oleate, Tocopherol, Aesculus Hippocastanum (Horse Chestnut) Seed Extract, Glucose, Lactic Acid, Behentrimonium Chloride, Glycyrrhiza Uralensis (Licorice) Root Extract, Sodium Benzoate, Ascorbyl Palmitate, Potassium Phosphate, Potassium Sorbate, Camellia Sinensis Leaf Extract, Coffea Arabica (Coffee) Seed Extract, Pongamia Pinnata Seed Extract, Isopropyl Alcohol, Acetic Acid, Angelica Archangelica Root Extract, Citrus Aurantium Amara (Bitter Orange) Peel Extract, Maltodextrin, Citric Acid, Magnesium Aluminum Silicate, Xanthan Gum, Ascorbic Acid, Glycyrrhiza Glabra (Licorice) Rhizome/Root Extract, Glycyrrhiza Glabra (Licorice) Root Extract, Caprylyl Glycol, Sclerotium Gum, Bha, Sorbic Acid, Titanium Dioxide (Ci 77891).",0,0,0,0,0,ultimate_miracle_worker_eye_cream,philosophy,eye_cream,philosophy_ultimate_miracle_worker_eye_cream,0.0,31.0,2384.0,3.96769999999999,0.5,Eye Care,140.0,12.8,1.3,"Glycerin;Dicaprylyl Carbonate;Isononyl Isononanoate;Methyl Methacrylate Crosspolymer;Dimethicone;Cyclopentasiloxane;Tribehenin Peg-20 Esters;Cetyl Alcohol;Isostearyl Isostearate;Trisiloxane;Glyceryl Stearate;Peg-100 Stearate;Cetyl Stearate;Stearic Acid;Bifida Ferment Lysate;Potassium Cetyl Phosphate;Phenoxyethanol;Dimethicone Crosspolymer;Caffeine;Chlorphenesin;Propylene Glycol;Carbomer;Hydroxyethyl Acrylate/Sodium Acryloyldimethyl Taurate Copolymer;Glycine Soja (Soybean) Oil;Sodium Hydroxide;Squalane;Hippophae Rhamnoides Oil;Iris Pallida Root Extract;Ruby Powder;Disodium Edta;Alcohol;Algae Extract;Mica;Lecithin;Ascorbyl Glucoside;Adenosine;Cellulose Gum;Ginkgo Biloba Leaf Extract;Retinol;Peg-8;Polysorbate 20;Polysorbate 60;Calcium Sodium Phosphosilicate;Bht;Acrylates/C10-30 Alkyl Acrylate Crosspolymer;Chitosan;Ethylhexylglycerin;Glycolic Acid;Sorbitan Oleate;Tocopherol;Aesculus Hippocastanum (Horse Chestnut) Seed Extract;Glucose;Lactic Acid;Behentrimonium Chloride;Glycyrrhiza Uralensis (Licorice) Root Extract;Sodium Benzoate;Ascorbyl Palmitate;Potassium Phosphate;Potassium Sorbate;Camellia Sinensis Leaf Extract;Coffea Arabica (Coffee) Seed Extract;Pongamia Pinnata Seed Extract;Isopropyl Alcohol;Acetic Acid;Angelica Archangelica Root Extract;Citrus Aurantium Amara (Bitter Orange) Peel Extract;Maltodextrin;Citric Acid;Magnesium Aluminum Silicate;Xanthan Gum;Ascorbic Acid;Glycyrrhiza Glabra (Licorice) Rhizome/Root Extract;Glycyrrhiza Glabra (Licorice) Root Extract;Caprylyl Glycol;Sclerotium Gum;Bha;Sorbic Acid;Titanium Dioxide (Ci 77891),",0.0,31.0,2384.0,3.96769999999999,0.5,Eye Care,140.0,12.8,1.3,eye care,Very Low (0 - 3k)
Eye cream,PERRICONE MD,High Potency Classics: Firming Eye Lift,72,4.3,"Water, Cetearyl Alcohol, Polysorbate 60, Squalane, Isopropyl Palmitate, Tetrahexyldecyl Ascorbate, Benzyl Alcohol, Phosphatidylcholine, Dimethyl MEA, Acetyl Tetrapeptide-5, Palmitoyl Tetrapeptide-7, Dipeptide-2, Hesperidin Methyl Chalcone, Undecylenoyl Phenylalanine, Calophyllum Tacamahaca Seed Oil, Sodium Hyaluronate, Copper Gluconate, Magnesium Aspartate, Zinc Gluconate, Emblica Officinalis Fruit Extract, Ethylhexylglycerin, Disodium EDTA, Polyacrylate Crosspolymer-6, Butylene Glycol, Glycerin, Steareth-20, Caprylyl Glycol, Chlorhexidine Digluconate, Phenoxyethanol, Potassium Sorbate, Sorbic Acid.",1,1,1,1,1,high_potency_classics:_firming_eye_lift,perricone_md,eye_cream,perricone_md_high_potency_classics:_firming_eye_lift,0.0,245.0,947.0,4.2857,0.5,Eye Care,144.0,1.75,25.87,"Cetearyl Alcohol;Polysorbate 60;Squalane;Isopropyl Palmitate;Tetrahexyldecyl Ascorbate;Benzyl Alcohol;Phosphatidylcholine;Dimethyl MEA;Acetyl Tetrapeptide-5;Palmitoyl Tetrapeptide-7;Dipeptide-2;Hesperidin Methyl Chalcone;Undecylenoyl Phenylalanine;Calophyllum Tacamahaca Seed Oil;Sodium Hyaluronate;Copper Gluconate;Magnesium Aspartate;Zinc Gluconate;Emblica Officinalis Fruit Extract;Ethylhexylglycerin;Disodium EDTA;Polyacrylate Crosspolymer-6;Butylene Glycol;Glycerin;Steareth-20;Caprylyl Glycol;Chlorhexidine Digluconate;Phenoxyethanol;Potassium Sorbate;Sorbic Acid,",0.0,245.0,947.0,4.2857,0.5,Eye Care,144.0,1.75,25.87,eye care,Very Low (0 - 3k)
Eye cream,KIEHL'S SINCE 1851,Super Multi-Corrective Eye-Opening Serum,48,3.8,"Water, Rhamnose, Glycerin, Alcohol Denat., Dimethicone, Hydroxyethylpiperazine Ethane Sulfonic Acid, Octyldodecanol, Sodium Hyaluronate, Mica, Phenoxyethanol, Ammonium Polyacryldimethyltauramide, Ammonium Polyacryloyldimethyl Taurate, Ci 77891, Titanium Dioxide, Chlorphenesin, Acrylates/C10-30 Alkyl Acrylate Crosspolymer, Triethanolamine, Xanthan Gum, Peg-20 Methyl Glucose Sesquistearate, Disodium Edta, Adenosine, Salicyloyl Phytosphingosine.",0,0,0,0,0,super_multi_corrective_eye_opening_serum,kiehl's_since_1851,eye_cream,kiehl's_since_1851_super_multi_corrective_eye_opening_serum,0.0,16.0,3080.0,3.8125,0.5,Eye Care,96.0,23.83,0.52,"Rhamnose;Glycerin;Alcohol Denat,;Dimethicone;Hydroxyethylpiperazine Ethane Sulfonic Acid;Octyldodecanol;Sodium Hyaluronate;Mica;Phenoxyethanol;Ammonium Polyacryldimethyltauramide;Ammonium Polyacryloyldimethyl Taurate;Ci 77891;Titanium Dioxide;Chlorphenesin;Acrylates/C10-30 Alkyl Acrylate Crosspolymer;Triethanolamine;Xanthan Gum;Peg-20 Methyl Glucose Sesquistearate;Disodium Edta;Adenosine;Salicyloyl Phytosphingosine,",0.0,16.0,3080.0,3.8125,0.5,Eye Care,96.0,23.83,0.52,eye care,Very Low (0 - 3k)
Eye cream,CLINIQUE,Clinique Smart Custom-Repair Eye Treatment,50,3.7,"Water , Isododecane , Dimethicone , Cyclopentasiloxane , Polysilicone-11 , Butylene Glycol , Peg-10 Dimethicone , Morus Nigra (Mulberry) Root Extract , Citrus Grandis (Grapefruit) Peel Extract , Hordeum Vulgare (Barley) Extract/Extrait D'Orge , Triticum Vulgare (Wheat) Germ Extract , Cucumis Sativus (Cucumber) Fruit Extract , Gentiana Lutea (Gentian) Root Extract , Hydrolyzed Rice Bran Extract , Hydrolyzed Rice Protein , Scutellaria Baicalensis Root Extract , Whey Protein/Lactis Protein/Proteine Du Petit-Lait , Cladosiphon Okamuranus Extract , Vitis Vinifera (Grape) Fruit Extract , Vitis Vinifera (Grape) Seed Extract , Plankton Extract , Acetyl Hexapeptide-8 , Palmitoyl Hexapeptide-12 , Peg-6 , Sigesbeckia Orientalis (St. Paul'S Wort) Extract , Algae Extract , Caffeine , Glycyrrhetinic Acid , Acrylamide/Sodium Acryloyldimethyltaurate Copolymer , Acetyl Glucosamine , Cholesterol , Oryza Sativa (Rice) Bran Extract , Squalane , Lecithin , Helianthus Annuus (Sunflower) Seedcake , Glycine Soja (Soybean) Protein , Micrococcus Lysate , Hydrolyzed Prunus Domestica , Ergothioneine , Yeast Extract/Faex/Extrait De Levure , Isohexadecane , Ascorbyl Glucoside , Polysorbate 20 , Glycerin , Caprylyl Glycol , Ethylhexylglycerin , Propylene Glycol Dicaprate , Tocopheryl Acetate , Tromethamine , Polysorbate 80 , Glyceryl Polymethacrylate , Sodium Hyaluronate , Dimethoxytolyl Propylresorcinol , Dextrin , Ammonium Acryloyldimethyltaurate/Vp Copolymer , Peg-8 , Silica , Sodium Rna , Disodium Edta , Phenoxyethanol , Mica , Titanium Dioxide (Ci 77891)",0,0,0,0,0,clinique_smart_custom_repair_eye_treatment,clinique,eye_cream,clinique_clinique_smart_custom_repair_eye_treatment,0.0,32.0,2235.0,3.5,0.5,Eye Care,100.0,10.94,1.43,"Isododecane;Dimethicone;Cyclopentasiloxane;Polysilicone-11;Butylene Glycol;Peg-10 Dimethicone;Morus Nigra (Mulberry) Root Extract;Citrus Grandis (Grapefruit) Peel Extract;Hordeum Vulgare (Barley) Extract/Extrait D'Orge;Triticum Vulgare (Wheat) Germ Extract;Cucumis Sativus (Cucumber) Fruit Extract;Gentiana Lutea (Gentian) Root Extract;Hydrolyzed Rice Bran Extract;Hydrolyzed Rice Protein;Scutellaria Baicalensis Root Extract;Whey Protein/Lactis Protein/Proteine Du Petit-Lait;Cladosiphon Okamuranus Extract;Vitis Vinifera (Grape) Fruit Extract;Vitis Vinifera (Grape) Seed Extract;Plankton Extract;Acetyl Hexapeptide-8;Palmitoyl Hexapeptide-12;Peg-6;Sigesbeckia Orientalis (St, Paul'S Wort) Extract;Algae Extract;Caffeine;Glycyrrhetinic Acid;Acrylamide/Sodium Acryloyldimethyltaurate Copolymer;Acetyl Glucosamine;Cholesterol;Oryza Sativa (Rice) Bran Extract;Squalane;Lecithin;Helianthus Annuus (Sunflower) Seedcake;Glycine Soja (Soybean) Protein;Micrococcus Lysate;Hydrolyzed Prunus Domestica;Ergothioneine;Yeast Extract/Faex/Extrait De Levure;Isohexadecane;Ascorbyl Glucoside;Polysorbate 20;Glycerin;Caprylyl Glycol;Ethylhexylglycerin;Propylene Glycol Dicaprate;Tocopheryl Acetate;Tromethamine;Polysorbate 80;Glyceryl Polymethacrylate;Sodium Hyaluronate;Dimethoxytolyl Propylresorcinol;Dextrin;Ammonium Acryloyldimethyltaurate/Vp Copolymer;Peg-8;Silica;Sodium Rna;Disodium Edta;Phenoxyethanol;Mica;Titanium Dioxide (Ci 77891)",0.0,32.0,2235.0,3.5,0.5,Eye Care,100.0,10.94,1.43,eye care,Very Low (0 - 3k)
Eye cream,KATE SOMERVILLE,Goat Milk De-Puffing Eye Balm,38,3.9,"Water, Propanediol, Bis-PEG-18 Methyl Ether Dimethyl Silane, Glycerin, Sodium Stearate, Di-PPG-2 Myreth-10 Adipate, Synthetic Fluorphlogopite, Goat Milk Powder, Lactose, Milk Protein, Manuka (Leptospermum) Honey Extract, Jojoba Oil PEG-150 Esters, Aloe Barbadensis Leaf Extract, Medicago Sativa (Alfalfa) Seed Extract, Polianthes Tuberosa Callus Extract, Hydrolyzed Lupine Protein, Menthoxypropanediol, Phenoxyethanol, Ethylhexylglycerin, Lactic Acid.",1,1,1,1,1,goat_milk_de_puffing_eye_balm,kate_somerville,eye_cream,kate_somerville_goat_milk_de_puffing_eye_balm,0.0,142.0,7443.0,3.8662,0.3,Eye Care,126.67,2.72,1.91,"Propanediol;Bis-PEG-18 Methyl Ether Dimethyl Silane;Glycerin;Sodium Stearate;Di-PPG-2 Myreth-10 Adipate;Synthetic Fluorphlogopite;Goat Milk Powder;Lactose;Milk Protein;Manuka (Leptospermum) Honey Extract;Jojoba Oil PEG-150 Esters;Aloe Barbadensis Leaf Extract;Medicago Sativa (Alfalfa) Seed Extract;Polianthes Tuberosa Callus Extract;Hydrolyzed Lupine Protein;Menthoxypropanediol;Phenoxyethanol;Ethylhexylglycerin;Lactic Acid,",0.0,142.0,7443.0,3.8662,0.3,Eye Care,126.67,2.72,1.91,eye care,Medium (7k - 13k)
Eye cream,CLINIQUE,Even Better Eyes Dark Circle Corrector,42,3.3,"Dimethicone , Water , Isostearyl Palmitate , Polyethylene , Polysilicone-11 , Butylene Glycol , Ethylene/Acrylic Acid Copolymer , Isononyl Isononanoate , Polymethylsilsesquioxane , Cetyl Peg/Ppg-10/1 Dimethicone , Polymethyl Methacrylate , Morus Nigra (Mulberry) Root Extract , Camellia Sinensis (Green Tea) Leaf Extract , Scutellaria Baicalensis Root Extract , Sigesbeckia Orientalis (St. Paul'S Wort) Extract , Olea Europaea (Olive) Fruit Extract , Whey Protein/Lactis Protein/Proteine Du Petit-Lait , Vitis Vinifera (Grape) Fruit Extract , Triticum Vulgare (Wheat) Bran Extract , Yeast Extract/Faex/Extrait De Levure , Cholesterol , Linoleic Acid , Glycerin , Palmitoyl Oligopeptide , Sucrose , Pyridoxine Dipalmitate , Petrolatum , Glyceryl Polymethacrylate , Dimethicone Crosspolymer-3 , Caffeine , Tocopheryl Acetate , Glyceryl Laurate , Quaternium-90 Bentonite , Peg-8 , Phytosphingosine , Peg/Ppg-18/18 Dimethicone , Dimethicone Silylate , Magnesium Ascorbyl Phosphate , Propylene Carbonate , Triethoxycaprylylsilane , Sodium Chloride , Disodium Edta , Phenoxyethanol , Mica , Titanium Dioxide (Ci 77891) , Iron Oxides (Ci 77499) , Iron Oxides (Ci 77492) , Iron Oxides (Ci 77491)",0,0,0,0,0,even_better_eyes_dark_circle_corrector,clinique,eye_cream,clinique_even_better_eyes_dark_circle_corrector,0.0,369.0,13175.0,3.2575,0.34,Eye Care,123.53,0.88,2.8,"Dimethicone;Isostearyl Palmitate;Polyethylene;Polysilicone-11;Butylene Glycol;Ethylene/Acrylic Acid Copolymer;Isononyl Isononanoate;Polymethylsilsesquioxane;Cetyl Peg/Ppg-10/1 Dimethicone;Polymethyl Methacrylate;Morus Nigra (Mulberry) Root Extract;Camellia Sinensis (Green Tea) Leaf Extract;Scutellaria Baicalensis Root Extract;Sigesbeckia Orientalis (St, Paul'S Wort) Extract;Olea Europaea (Olive) Fruit Extract;Whey Protein/Lactis Protein/Proteine Du Petit-Lait;Vitis Vinifera (Grape) Fruit Extract;Triticum Vulgare (Wheat) Bran Extract;Yeast Extract/Faex/Extrait De Levure;Cholesterol;Linoleic Acid;Glycerin;Palmitoyl Oligopeptide;Sucrose;Pyridoxine Dipalmitate;Petrolatum;Glyceryl Polymethacrylate;Dimethicone Crosspolymer-3;Caffeine;Tocopheryl Acetate;Glyceryl Laurate;Quaternium-90 Bentonite;Peg-8;Phytosphingosine;Peg/Ppg-18/18 Dimethicone;Dimethicone Silylate;Magnesium Ascorbyl Phosphate;Propylene Carbonate;Triethoxycaprylylsilane;Sodium Chloride;Disodium Edta;Phenoxyethanol;Mica;Titanium Dioxide (Ci 77891);Iron Oxides (Ci 77499);Iron Oxides (Ci 77492);Iron Oxides (Ci 77491)",0.0,369.0,13175.0,3.2575,0.34,Eye Care,123.53,0.88,2.8,eye care,High (13k - 26k)
Eye cream,CHARLOTTE TILBURY,Magic Eye Rescue Cream,60,3.9,"Water, Caprylic/Capric Triglyceride, Butylene Glycol, Polysorbate 60, Olus Oil (Vegetable Oil)/Huile Végétale, Peg-7 Glyceryl Cocoate, Glycerin, Butyrospermum Parkii (Shea Butter), Peg-8, Ethylhexyl Stearate, Dicaprylyl Ether, Sorbitan Stearate, Hydroxyethyl Acrylate/Sodium Acryloyldimethyl Taurate Copolymer, Olive Oil Peg-7 Esters, Phenoxyethanol, Saccharide Isomerate, C12-16 Alcohols, Cera Alba (Beeswax)/Cire D'abeille, Glyceryl Stearate, Hydrogenated Castor Oil, Squalane, Ethylhexylglycerin, Chlorphenesin, Hydrogenated Lecithin, Hydrolyzed Rice Protein, Palmitic Acid, Xanthan Gum, Chondrus Crispus Extract, Disodium Edta, Helianthus Annuus (Sunflower) Seed Oil, Polysorbate 20, Sorbitan Isostearate, Sodium Hydroxide, Glycine Soja (Soybean) Protein, Superoxide Dismutase, Citric Acid, Hydroxypropyl Cyclodextrin, Tocopherol, Sodium Citrate, Sodium Benzoate, Sodium Pca, Ascorbyl Palmitate, Daphne Odora Callus Extract, Sodium Dextran Sulfate, Nicotiana Sylvestris Leaf Cell Culture, Aluminum Hydroxide, Retinol, Plumeria Rubra Flower Extract, Borago Officinalis Seed Oil, Tocopheryl Acetate, Ascorbic Acid, Lecithin, Potassium Sorbate, Retinyl Palmitate, Ascorbyl Tetraisopalmitate, Titanium Dioxide (Ci 77891), Iron Oxides (Ci 77491, Ci 77492).",1,1,1,1,1,magic_eye_rescue_cream,charlotte_tilbury,eye_cream,charlotte_tilbury_magic_eye_rescue_cream,0.0,21.0,4254.0,3.7143,0.51,Eye Care,117.65,17.69,0.49,"Caprylic/Capric Triglyceride;Butylene Glycol;Polysorbate 60;Olus Oil (Vegetable Oil)/Huile Végétale;Peg-7 Glyceryl Cocoate;Glycerin;Butyrospermum Parkii (Shea Butter);Peg-8;Ethylhexyl Stearate;Dicaprylyl Ether;Sorbitan Stearate;Hydroxyethyl Acrylate/Sodium Acryloyldimethyl Taurate Copolymer;Olive Oil Peg-7 Esters;Phenoxyethanol;Saccharide Isomerate;C12-16 Alcohols;Cera Alba (Beeswax)/Cire D'abeille;Glyceryl Stearate;Hydrogenated Castor Oil;Squalane;Ethylhexylglycerin;Chlorphenesin;Hydrogenated Lecithin;Hydrolyzed Rice Protein;Palmitic Acid;Xanthan Gum;Chondrus Crispus Extract;Disodium Edta;Helianthus Annuus (Sunflower) Seed Oil;Polysorbate 20;Sorbitan Isostearate;Sodium Hydroxide;Glycine Soja (Soybean) Protein;Superoxide Dismutase;Citric Acid;Hydroxypropyl Cyclodextrin;Tocopherol;Sodium Citrate;Sodium Benzoate;Sodium Pca;Ascorbyl Palmitate;Daphne Odora Callus Extract;Sodium Dextran Sulfate;Nicotiana Sylvestris Leaf Cell Culture;Aluminum Hydroxide;Retinol;Plumeria Rubra Flower Extract;Borago Officinalis Seed Oil;Tocopheryl Acetate;Ascorbic Acid;Lecithin;Potassium Sorbate;Retinyl Palmitate;Ascorbyl Tetraisopalmitate;Titanium Dioxide (Ci 77891);Iron Oxides (Ci 77491;Ci 77492),",0.0,21.0,4254.0,3.7143,0.51,Eye Care,117.65,17.69,0.49,eye care,Low (3k - 7k)
Eye cream,BOSCIA,Enlivening Amino-AG Eye Treatment,38,4.2,"Water, Cyclopentasiloxane, Butylene Glycol, Triethylhexanoin, Dimethicone, Betaine, Olea Europaea (Olive) Fruit Oil, Glycerin, Hydroxyethyl Acrylate/Sodium Acryloyl Dimethyl Taurate Copolymer, Lactobacillus Ferment, Squalane, Stearoxymethicone, Polysorbate 20, 1,2-Hexanediol, Caprylyl Glycol, Polysorbate 60, Ziziphus Jujuba Fruit Extract, L-Alanyl-L-Glutamine, Rosmarinus Officinalis (Rosemary)Leaf Extract, Dipotassium Glycyrrhizate, Arctium Lappa Root Extract, Simmondsia Chinensis (Jojoba) Seed Extract, Coix Lacryma-Jobi Ma-Yuen Seed Extract, Tocopheryl Acetate, Epilobium Angustifolium Flower/Leaf/Stem Extract, Rosa Damascena Flower Oil, Angelica Keiskei Extract, Rosmarinus Officinalis (Rosemary) Leaf Oil.",0,0,0,0,0,enlivening_amino_ag_eye_treatment,boscia,eye_cream,boscia_enlivening_amino_ag_eye_treatment,,,,,,,,,,"Cyclopentasiloxane;Butylene Glycol;Triethylhexanoin;Dimethicone;Betaine;Olea Europaea (Olive) Fruit Oil;Glycerin;Hydroxyethyl Acrylate/Sodium Acryloyl Dimethyl Taurate Copolymer;Lactobacillus Ferment;Squalane;Stearoxymethicone;Polysorbate 20;1,2-Hexanediol;Caprylyl Glycol;Polysorbate 60;Ziziphus Jujuba Fruit Extract;L-Alanyl-L-Glutamine;Rosmarinus Officinalis (Rosemary)Leaf Extract;Dipotassium Glycyrrhizate;Arctium Lappa Root Extract;Simmondsia Chinensis (Jojoba) Seed Extract;Coix Lacryma-Jobi Ma-Yuen Seed Extract;Tocopheryl Acetate;Epilobium Angustifolium Flower/Leaf/Stem Extract;Rosa Damascena Flower Oil;Angelica Keiskei Extract;Rosmarinus Officinalis (Rosemary) Leaf Oil,",,,,,,,,,,eye care,nan
Eye cream,PERRICONE MD,Neuropeptide Firming & Illuminating Under-Eye Cream,170,5.0,"Water, Butylene Glycol, Glycerin, Dimethicone, Cyclopentasiloxane, Stearic Acid, Niacinamide, 1,2-Hexanediol, Cetearyl Alcohol, Sucrose Distearate, Cyclohexasiloxane, Caprylic/Capric Triglyceride, Behenic Acid, Polyglyceryl-10 Myristate, Cetyl Ethylhexanoate, Simmondsia Chinensis (Jojoba) Seed Oil, Macadamia Ternifolia Seed Oil, Argania Spinosa Kernel Oil, Titanium Dioxide, Dipeptide-2, Palmitoyl Tetrapeptide-7, Acetyl Tetrapeptide-9, Ceramide NP, Phytosteryl Isostearate, Hydrogenated Lecithin, Paeonia Suffruticosa Root Extract, Scutellaria Baicalensis Root Extract, Hesperidin Methyl Chalcone, Allantoin, Tocopheryl Acetate, Lactobacillus/Soybean Ferment Extract, Xanthan Gum, Adenosine, Viscum Album (Mistletoe) Leaf Extract, Imperata Cylindrica Root Extract, Synthetic Fluorphlogopite, Mannitol, Carbomer, Sodium Hydroxide, Disodium EDTA, Behenyl Alcohol, Batyl Alcohol, Ammonium Acryloyldimethyltaurate/VP Copolymer, Glyceryl Stearate, Steareth-20, Tin Oxide.",1,1,1,1,0,neuropeptide_firming_illuminating_under_eye_cream,perricone_md,eye_cream,perricone_md_neuropeptide_firming_illuminating_under_eye_cream,0.0,4.0,1379.0,4.5,0.5,Eye Care,340.0,112.5,0.29,"Butylene Glycol;Glycerin;Dimethicone;Cyclopentasiloxane;Stearic Acid;Niacinamide;1,2-Hexanediol;Cetearyl Alcohol;Sucrose Distearate;Cyclohexasiloxane;Caprylic/Capric Triglyceride;Behenic Acid;Polyglyceryl-10 Myristate;Cetyl Ethylhexanoate;Simmondsia Chinensis (Jojoba) Seed Oil;Macadamia Ternifolia Seed Oil;Argania Spinosa Kernel Oil;Titanium Dioxide;Dipeptide-2;Palmitoyl Tetrapeptide-7;Acetyl Tetrapeptide-9;Ceramide NP;Phytosteryl Isostearate;Hydrogenated Lecithin;Paeonia Suffruticosa Root Extract;Scutellaria Baicalensis Root Extract;Hesperidin Methyl Chalcone;Allantoin;Tocopheryl Acetate;Lactobacillus/Soybean Ferment Extract;Xanthan Gum;Adenosine;Viscum Album (Mistletoe) Leaf Extract;Imperata Cylindrica Root Extract;Synthetic Fluorphlogopite;Mannitol;Carbomer;Sodium Hydroxide;Disodium EDTA;Behenyl Alcohol;Batyl Alcohol;Ammonium Acryloyldimethyltaurate/VP Copolymer;Glyceryl Stearate;Steareth-20;Tin Oxide,",0.0,4.0,1379.0,4.5,0.5,Eye Care,340.0,112.5,0.29,eye care,Very Low (0 - 3k)
Eye cream,PHILOSOPHY,Hope In A Tube Eye & Lip Cream,38,4.2,"Water, Squalane, Glycerin, Paraffinum Liquidum/Mineral Oil/Huile Minerale, Isocetyl Stearoyl Stearate, Butylene Glycol, Petrolatum, Polyglyceryl-2 Diisostearate, Peg-30 Dipolyhydroxystearate, Paraffin, Magnesium Sulfate, Phytosteryl/Octyldodecyl Lauroyl Glutamate, Tocopherol, Tocopheryl Acetate, Potassium Ascorbyl Tocopheryl Phosphate, Dipalmitoyl Hydroxyproline, Lecithin, Adenosine, Bisabolol, Microcristallina Cera/Microcrystalline Wax/Cire Microcrystalline, Polyethylene, Polyaminopropyl Biguanide, Polysorbate 80, Disodium Edta, Benzyl Alcohol, Farnesol, Triethoxycaprylylsilane, Chlorphenesin, Bht, Iron Oxides (Ci 77491, Ci 77492, Ci 77499).",0,0,0,0,0,hope_in_a_tube_eye_lip_cream,philosophy,eye_cream,philosophy_hope_in_a_tube_eye_lip_cream,0.0,735.0,7993.0,4.1918,0.5,Eye Care,76.0,0.57,9.2,"Squalane;Glycerin;Paraffinum Liquidum/Mineral Oil/Huile Minerale;Isocetyl Stearoyl Stearate;Butylene Glycol;Petrolatum;Polyglyceryl-2 Diisostearate;Peg-30 Dipolyhydroxystearate;Paraffin;Magnesium Sulfate;Phytosteryl/Octyldodecyl Lauroyl Glutamate;Tocopherol;Tocopheryl Acetate;Potassium Ascorbyl Tocopheryl Phosphate;Dipalmitoyl Hydroxyproline;Lecithin;Adenosine;Bisabolol;Microcristallina Cera/Microcrystalline Wax/Cire Microcrystalline;Polyethylene;Polyaminopropyl Biguanide;Polysorbate 80;Disodium Edta;Benzyl Alcohol;Farnesol;Triethoxycaprylylsilane;Chlorphenesin;Bht;Iron Oxides (Ci 77491;Ci 77492;Ci 77499),",0.0,735.0,7993.0,4.1918,0.5,Eye Care,76.0,0.57,9.2,eye care,Medium (7k - 13k)
Eye cream,REN CLEAN SKINCARE,Keep Young and Beautiful Anti-Ageing Eye Cream,42,3.6,"Rosa Damascena Flower Water, Cetearyl Alcohol, Cetearyl Ethylhexanoate, Triheptanoin, Camellia Oleifera Seed Oil, Caprylic/ Capric Triglyceride, Squalane, Glycerin, Cetearyl Glucoside, Rosa Canina (Rose Hip) Fruit Oil, Butyrospermum Parkii (Shea Butter), Myristyl Myristate, Dipalmitoyl Hydroxyproline, Lauryl Laurate, Oryzanol, Palmitoyl Hydrolyzed Wheat Protein, Phenoxyethanol, Vaccinium Vitis-Idaea (Lingonberry) Seed Oil, Hexapeptide-11, Safflower Glyceride/ Palm Oil Aminopropanediol Esters, Bisabolol, Sodium Hydroxymethylglycinate, Tocopherol, Xanthan Gum, Panthenol, Faex (Yeast) Extract.",0,0,0,0,0,keep_young_and_beautiful_anti_ageing_eye_cream,ren_clean_skincare,eye_cream,ren_clean_skincare_keep_young_and_beautiful_anti_ageing_eye_cream,1.0,53.0,3332.0,3.6981,0.5,Eye Care,84.0,6.98,1.59,"Rosa Damascena Flower Water;Cetearyl Alcohol;Cetearyl Ethylhexanoate;Triheptanoin;Camellia Oleifera Seed Oil;Caprylic/ Capric Triglyceride;Squalane;Glycerin;Cetearyl Glucoside;Rosa Canina (Rose Hip) Fruit Oil;Butyrospermum Parkii (Shea Butter);Myristyl Myristate;Dipalmitoyl Hydroxyproline;Lauryl Laurate;Oryzanol;Palmitoyl Hydrolyzed Wheat Protein;Phenoxyethanol;Vaccinium Vitis-Idaea (Lingonberry) Seed Oil;Hexapeptide-11;Safflower Glyceride/ Palm Oil Aminopropanediol Esters;Bisabolol;Sodium Hydroxymethylglycinate;Tocopherol;Xanthan Gum;Panthenol;Faex (Yeast) Extract,",1.0,53.0,3332.0,3.6981,0.5,Eye Care,84.0,6.98,1.59,eye care,Very Low (0 - 3k)
Eye cream,ANTHONY,High Performance Continuous Moisture Eye Cream,38,4.3,"Water, Glycerin, Caprylic/Capric Triglyceride, C12-15 Alkyl Benzoate, Glyceryl Stearate, Propanediol, Peg-100 Stearate, Cetearyl Alcohol, Butyrospermum Parkii (Shea) Butter, Dimethicone, Ethylene/Acrylic Acid Copolymer, Ppg-15 Stearyl Ether, Squalane, Jojoba Esters, Simmondsia Chinensis (Jojoba) Seed Oil, Hydrogenated Ethylhexyl Olivate, Caprylic/Capric/ Myristic/Stearic Triglyceride, Hydrogenated Olive Oil Unsaponifiables, Algae Extract, Pullulan, Myristyl Myristate, Arachidyl Alcohol, Caffeine, Aloe Barbadensis Leaf Juice Powder, Panthenol, Arachidyl Glucoside, Arnica Montana Flower Extract, Cucumis Sativus (Cucumber) Fruit Extract, Daucus Carota Sativa (Carrot) Root Extract, Zingiber Officinale (Ginger) Root Extract, Sodium Hyaluronate, Chrysin, Palmitoyl Oligopeptide, Palmitoyl Tetrapeptide-7, N-Hydroxysuccinimide, Saccharide Isomerate, Ethylhexylglycerin, Bisabolol, Polysorbate 60, Behenyl Alcohol, C13-14 Isoparaffin, Polyacrylamide, Laureth-7, Steareth-20, Resveratrol, Tocopheryl Acetate, Ascorbyl Palmitate, Retinyl Palmitate, Xanthan Gum, Glycosaminoglycans, Caprylyl Glycol, Aminomethyl Propanol, Tetrasodium Edta, Phenoxyethanol, Benzoic Acid, Sorbic Acid, Chlorphenesin, Benzyl Alcohol.",0,0,0,0,0,high_performance_continuous_moisture_eye_cream,anthony,eye_cream,anthony_high_performance_continuous_moisture_eye_cream,0.0,35.0,2670.0,4.2857,0.75,Eye Care,50.67,12.24,1.31,"Glycerin;Caprylic/Capric Triglyceride;C12-15 Alkyl Benzoate;Glyceryl Stearate;Propanediol;Peg-100 Stearate;Cetearyl Alcohol;Butyrospermum Parkii (Shea) Butter;Dimethicone;Ethylene/Acrylic Acid Copolymer;Ppg-15 Stearyl Ether;Squalane;Jojoba Esters;Simmondsia Chinensis (Jojoba) Seed Oil;Hydrogenated Ethylhexyl Olivate;Caprylic/Capric/ Myristic/Stearic Triglyceride;Hydrogenated Olive Oil Unsaponifiables;Algae Extract;Pullulan;Myristyl Myristate;Arachidyl Alcohol;Caffeine;Aloe Barbadensis Leaf Juice Powder;Panthenol;Arachidyl Glucoside;Arnica Montana Flower Extract;Cucumis Sativus (Cucumber) Fruit Extract;Daucus Carota Sativa (Carrot) Root Extract;Zingiber Officinale (Ginger) Root Extract;Sodium Hyaluronate;Chrysin;Palmitoyl Oligopeptide;Palmitoyl Tetrapeptide-7;N-Hydroxysuccinimide;Saccharide Isomerate;Ethylhexylglycerin;Bisabolol;Polysorbate 60;Behenyl Alcohol;C13-14 Isoparaffin;Polyacrylamide;Laureth-7;Steareth-20;Resveratrol;Tocopheryl Acetate;Ascorbyl Palmitate;Retinyl Palmitate;Xanthan Gum;Glycosaminoglycans;Caprylyl Glycol;Aminomethyl Propanol;Tetrasodium Edta;Phenoxyethanol;Benzoic Acid;Sorbic Acid;Chlorphenesin;Benzyl Alcohol,",0.0,35.0,2670.0,4.2857,0.75,Eye Care,50.67,12.24,1.31,eye care,Very Low (0 - 3k)
Eye cream,HUM NUTRITION,Wing Man™ Dark Circle Remedy Supplement,25,3.8,"Milk Thistle Extract, Dandelion Root, Artichoke Leaf, Cellulose Powder, Silica, Magnesium.",0,0,0,0,0,wing_man_dark_circle_remedy_supplement,hum_nutrition,eye_cream,hum_nutrition_wing_man_dark_circle_remedy_supplement,,,,,,,,,,"Milk Thistle Extract;Dandelion Root;Artichoke Leaf;Cellulose Powder;Silica;Magnesium,",,,,,,,,,,eye care,nan
Eye cream,PETER THOMAS ROTH,Power K Eye Rescue®,100,3.3,"Water, Polyacrylamide, C13-14 Isoparaffin, Laureth-7, Cyclomethicone, Dimethyl Isosorbide, Sodium Hyaluronate, Sodium PCA, Phytonadione (Vitamin K), Ubiquinone (Coenzyme Q10), Green Tea (Camellia Oleifera) Seed Extract, Chamomile Recutita (Matricaria) Flower Oil, Horse Chestnut (Aesculus Hippocastarium) Seed Extract, Arnica Montana Flower Extract, Oat (Avena Sativa) Kernel Extract, Butylene Glycol, Glycerin, Bioflavonoids, Kojic Acid, Canola Oil, Magnesium Ascorbyl Phosphate, Propylene Glycol, Carbomer, Mica, Titanium Dioxide, Atelocollagen, Sodium Chondroitin Sulfate, Iron Oxides, Phenoxyethanol, Methylparaben, Ethylparaben, Butylparaben, Propylparaben.",0,0,0,0,0,power_k_eye_rescue,peter_thomas_roth,eye_cream,peter_thomas_roth_power_k_eye_rescue,,,,,,,,,,"Polyacrylamide;C13-14 Isoparaffin;Laureth-7;Cyclomethicone;Dimethyl Isosorbide;Sodium Hyaluronate;Sodium PCA;Phytonadione (Vitamin K);Ubiquinone (Coenzyme Q10);Green Tea (Camellia Oleifera) Seed Extract;Chamomile Recutita (Matricaria) Flower Oil;Horse Chestnut (Aesculus Hippocastarium) Seed Extract;Arnica Montana Flower Extract;Oat (Avena Sativa) Kernel Extract;Butylene Glycol;Glycerin;Bioflavonoids;Kojic Acid;Canola Oil;Magnesium Ascorbyl Phosphate;Propylene Glycol;Carbomer;Mica;Titanium Dioxide;Atelocollagen;Sodium Chondroitin Sulfate;Iron Oxides;Phenoxyethanol;Methylparaben;Ethylparaben;Butylparaben;Propylparaben,",,,,,,,,,,eye care,nan
Eye cream,KORRES,"Black Pine 3D Sculpting, Firming & Lifting Eye Cream",56,4.0,"Water, Caprylic/capric Triglyceride, Triheptanoin, Glycerin, Cetearyl Olivate, Glyceryl Stearate Citrate, Distarch Phosphate, Sinorhizobium Meliloti Ferment Filtrate, Sorbitan Olivate, Betaine, Oleyl Alcohol, Acacia Decurrens/jojoba/sunflower Seed Wax/polyglyceryl-3 Esters, Butyrospermum Parkii (Shea) Butter, Ammonium Acryloyldimethyltaurate/ Vp Copolymer, Avena Sativa (Oat) Kernel Extract, Avena Strigosa Seed Extract, Benzyl Alcohol, Butylene Glycol, Cetyl Hydroxyethylcellulose, Citric Acid, Dioscorea Villosa (Wild Yam) Root Extract, Epigallocatechin Gallate, Epigallocatechin Gallatyl Glucoside, Ethylhexylglycerin, Glycine Soja (Soybean) Sterols, Helianthus Annuus (Sunflower) Seed Oil, Hexapeptide-11, Hydroxyethylcellulose, Lactic Acid, Lecithin, Lonicera Caprifolium (Honeysuckle) Flower Extract, Lonicera Japonica (Honeysuckle) Flower Extract, Parfum/ Fragrance, Pentylene Glycol, Peucedanum Graveolens (Dill) Extract, Phenoxyethanol, Pinus Nigra Bud/needle Extract, Potassium Sorbate, Rhodiola Rosea Root Extract, Saccharomyces Cerevisiae Extract, Saccharomyces/xylinum/ Black Tea Ferment, Salicylic Acid, Simmondsia Chinensis (Jojoba) Seed Oil, Sodium Benzoate, Sodium Gluceptate, Spilanthes Acmella Flower Extract, Tocopherol, Tocopheryl Acetate, Xanthan Gum.",1,1,1,1,1,"black_pine_3d_sculpting,_firming_lifting_eye_cream",korres,eye_cream,"korres_black_pine_3d_sculpting,_firming_lifting_eye_cream",1.0,20.0,2314.0,3.95,0.51,Eye Care,109.8,19.75,0.86,"Caprylic/capric Triglyceride;Triheptanoin;Glycerin;Cetearyl Olivate;Glyceryl Stearate Citrate;Distarch Phosphate;Sinorhizobium Meliloti Ferment Filtrate;Sorbitan Olivate;Betaine;Oleyl Alcohol;Acacia Decurrens/jojoba/sunflower Seed Wax/polyglyceryl-3 Esters;Butyrospermum Parkii (Shea) Butter;Ammonium Acryloyldimethyltaurate/ Vp Copolymer;Avena Sativa (Oat) Kernel Extract;Avena Strigosa Seed Extract;Benzyl Alcohol;Butylene Glycol;Cetyl Hydroxyethylcellulose;Citric Acid;Dioscorea Villosa (Wild Yam) Root Extract;Epigallocatechin Gallate;Epigallocatechin Gallatyl Glucoside;Ethylhexylglycerin;Glycine Soja (Soybean) Sterols;Helianthus Annuus (Sunflower) Seed Oil;Hexapeptide-11;Hydroxyethylcellulose;Lactic Acid;Lecithin;Lonicera Caprifolium (Honeysuckle) Flower Extract;Lonicera Japonica (Honeysuckle) Flower Extract;Parfum/ Fragrance;Pentylene Glycol;Peucedanum Graveolens (Dill) Extract;Phenoxyethanol;Pinus Nigra Bud/needle Extract;Potassium Sorbate;Rhodiola Rosea Root Extract;Saccharomyces Cerevisiae Extract;Saccharomyces/xylinum/ Black Tea Ferment;Salicylic Acid;Simmondsia Chinensis (Jojoba) Seed Oil;Sodium Benzoate;Sodium Gluceptate;Spilanthes Acmella Flower Extract;Tocopherol;Tocopheryl Acetate;Xanthan Gum,",1.0,20.0,2314.0,3.95,0.51,Eye Care,109.8,19.75,0.86,eye care,Very Low (0 - 3k)
Eye cream,BOSCIA,Super-Cool De-Puffing Eye Balm,26,3.6,"Water, Butylene Glycol, BIS-PEG-18 Methyl Ether Dimethyl Silane, Sodium Stearate, Glycerin, Polyethylene Glycol Monomethyl Ether, Glycereth-26, PEG-8 Dimethicone, Xylitylglucoside, PEG-150 Distearate, Anhydroxylitol, Menthyl Lactate, Potassium Alginate, PEG-40 Hydrogenated Castor Oil, Dimethicone, Xylitol, 1,2-Hexanediol, Caprylyl Glycol, Dipotassium Glycyrrhizate, Glycyrrhiza Glabra (Licorice) Root Extract, Carbomer, Melia Azadirachta Leaf Extract, Melia Azadirachta Flower Extract, Rosa Centifolia Flower Oil, Amino Esters-1, Polysorbate 20, Coccinia Indica Fruit Extract, Epilobium Angustifolium Flower/Leaf/Stem Extract, Rosmarinus Officinalis (Rosemary) Leaf Oil, Aloe Barbadensis Flower Extract, Solanum Melongena (Eggplant) Fruit Extract, Acetyl Tetrapeptide-5, Simmondsia Chinensis (Jojoba) Seed Extract, Curcuma Longa (Turmeric) Root Extract, Ocimum Sanctum Leaf Extract, Ocimum Basilicum (Basil) Flower/Leaf Extract, Corallina Officinalis Extract, Palmitoyl Tripeptide-1, Palmitoyl Tetrapeptide-7, Mica (CI 77019), Titanium Dioxide (CI 77891).",0,0,0,0,0,super_cool_de_puffing_eye_balm,boscia,eye_cream,boscia_super_cool_de_puffing_eye_balm,,,,,,,,,,"Butylene Glycol;BIS-PEG-18 Methyl Ether Dimethyl Silane;Sodium Stearate;Glycerin;Polyethylene Glycol Monomethyl Ether;Glycereth-26;PEG-8 Dimethicone;Xylitylglucoside;PEG-150 Distearate;Anhydroxylitol;Menthyl Lactate;Potassium Alginate;PEG-40 Hydrogenated Castor Oil;Dimethicone;Xylitol;1,2-Hexanediol;Caprylyl Glycol;Dipotassium Glycyrrhizate;Glycyrrhiza Glabra (Licorice) Root Extract;Carbomer;Melia Azadirachta Leaf Extract;Melia Azadirachta Flower Extract;Rosa Centifolia Flower Oil;Amino Esters-1;Polysorbate 20;Coccinia Indica Fruit Extract;Epilobium Angustifolium Flower/Leaf/Stem Extract;Rosmarinus Officinalis (Rosemary) Leaf Oil;Aloe Barbadensis Flower Extract;Solanum Melongena (Eggplant) Fruit Extract;Acetyl Tetrapeptide-5;Simmondsia Chinensis (Jojoba) Seed Extract;Curcuma Longa (Turmeric) Root Extract;Ocimum Sanctum Leaf Extract;Ocimum Basilicum (Basil) Flower/Leaf Extract;Corallina Officinalis Extract;Palmitoyl Tripeptide-1;Palmitoyl Tetrapeptide-7;Mica (CI 77019);Titanium Dioxide (CI 77891),",,,,,,,,,,eye care,nan
Eye cream,BEAUTYBIO,GloPRO® EYE MicroTip™ Attachment Head,35,0.0,Visit the BeautyBio boutique,0,0,0,0,0,glopro_eye_microtip_attachment_head,beautybio,eye_cream,beautybio_glopro_eye_microtip_attachment_head,,,,,,,,,,Visit the BeautyBio boutique,0.0,2.0,1654.0,4.5,,,,225.0,0.12,eye care,nan
Eye cream,KIEHL'S SINCE 1851,Eye Fuel,22,4.0,Visit the Kiehl's Since 1851 boutique,1,1,1,1,1,eye_fuel,kiehl's_since_1851,eye_cream,kiehl's_since_1851_eye_fuel,0.0,8.0,2391.0,4.125,0.5,Eye Care,45.0,51.56,0.33,Visit the Kiehl's Since 1851 boutique,0.0,8.0,2391.0,4.125,0.5,Eye Care,45.0,51.56,0.33,eye care,Very Low (0 - 3k)
Eye cream,PERRICONE MD,No Makeup Concealer Broad Spectrum SPF 35,35,3.8,Visit the Perricone MD boutique,1,1,1,1,1,no_makeup_concealer_broad_spectrum_spf_35,perricone_md,eye_cream,perricone_md_no_makeup_concealer_broad_spectrum_spf_35,,,,,,,,,,Visit the Perricone MD boutique,0.0,1000.0,27293.0,4.29,1.0,Treatments,60.0,0.43,3.66,eye care,nan
Eye cream,MURAD,Hydro-Dynamic® Ultimate Moisture For Eyes,68,4.2,"Water, C12-15 Alkyl Benzoate, Cetearyl Alcohol, Glycerin, Dimethicone, Algae Extract, Tocopheryl Acetate, Jojoba Alcohol, Potassium Jojobate, Shea Butter, Inositol, Taurine, Trehalose, Bisabolol, Betaine, Sorbitol, Glycine, Alanine, Proline, Serine, Threonine, Arginine, Lysine, Glutamic Acid, Chitosan Ascorbate, Sodium Hyaluronate, Sodium PCA, Palmitoyl Oligopeptide, Palmitoyl Tetrapeptide-7, N-Hydroxysuccinimide, Chrysin, Butylene Glycol, Glyceryl Stearate, Glyceryl Polymethacrylate, Pentylene Glycol, Polyglyceryl-10 Behenate/Eicosadioate, Cetearyl Glucoside, PEG-100 Stearate, PEG-8,Sucrose Polysoyate, Disodium EDTA, Ammonium Acryloyldimethyltaurate/VP Copolymer, Polysorbate 60, Steareth-20, Pullulan, Yeast Amino Acids, Urea, Menthyl Lactate, Zinc Gluconate, Phenoxyethanol, Ethylhexylglycerin, Chlorphenesin.",1,1,1,1,1,hydro_dynamic_ultimate_moisture_for_eyes,murad,eye_cream,murad_hydro_dynamic_ultimate_moisture_for_eyes,,,,,,,,,,"C12-15 Alkyl Benzoate;Cetearyl Alcohol;Glycerin;Dimethicone;Algae Extract;Tocopheryl Acetate;Jojoba Alcohol;Potassium Jojobate;Shea Butter;Inositol;Taurine;Trehalose;Bisabolol;Betaine;Sorbitol;Glycine;Alanine;Proline;Serine;Threonine;Arginine;Lysine;Glutamic Acid;Chitosan Ascorbate;Sodium Hyaluronate;Sodium PCA;Palmitoyl Oligopeptide;Palmitoyl Tetrapeptide-7;N-Hydroxysuccinimide;Chrysin;Butylene Glycol;Glyceryl Stearate;Glyceryl Polymethacrylate;Pentylene Glycol;Polyglyceryl-10 Behenate/Eicosadioate;Cetearyl Glucoside;PEG-100 Stearate;PEG-8;Sucrose Polysoyate;Disodium EDTA;Ammonium Acryloyldimethyltaurate/VP Copolymer;Polysorbate 60;Steareth-20;Pullulan;Yeast Amino Acids;Urea;Menthyl Lactate;Zinc Gluconate;Phenoxyethanol;Ethylhexylglycerin;Chlorphenesin,",0.0,365.0,12350.0,4.4247,1.7,,44.12,1.21,2.96,eye care,nan
Eye cream,INDIE LEE,I-Waken Eye Serum,48,3.8,"Water, Propanediol, Glycerin, Alcohol, Dicaprylyl Ether, Polyglyceryl-6 Distearate, Caprylic/Capric Triglyceride, Sodium Levulinate, Sclerotium Gum, Simmondsia Chinensis (Jojoba) Seed Oil, Squalane, Jojoba Esters, Chondrus Crispus, Sodium Anisate, Pyrus Sorbus Bud Extract, Sodium Dehydroacetate, Cetyl Alcohol, Polyglyceryl-3 Beeswax, Sodium Hyaluronate, Galactaric Acid, Tocopherol, Citric Acid, Aesculus Hippocastanum (Horse Chestnut) Seed Extract, Arnica Montana Flower Extract, Centaurea Cyanus Flower Extract, Chamomilla Recutita (Matricaria) Flower Extract, Hamamelis Virginiana (Witch Hazel) Leaf Extract, Ribes Nigrum (Black Currant) Leaf Extract, Spirulina Maxima Extract, Helianthus Annuus (Sunflower) Seed Oil.",1,1,1,1,1,i_waken_eye_serum,indie_lee,eye_cream,indie_lee_i_waken_eye_serum,1.0,18.0,4511.0,4.0,0.5,Eye Care,96.0,22.22,0.4,"Propanediol;Glycerin;Alcohol;Dicaprylyl Ether;Polyglyceryl-6 Distearate;Caprylic/Capric Triglyceride;Sodium Levulinate;Sclerotium Gum;Simmondsia Chinensis (Jojoba) Seed Oil;Squalane;Jojoba Esters;Chondrus Crispus;Sodium Anisate;Pyrus Sorbus Bud Extract;Sodium Dehydroacetate;Cetyl Alcohol;Polyglyceryl-3 Beeswax;Sodium Hyaluronate;Galactaric Acid;Tocopherol;Citric Acid;Aesculus Hippocastanum (Horse Chestnut) Seed Extract;Arnica Montana Flower Extract;Centaurea Cyanus Flower Extract;Chamomilla Recutita (Matricaria) Flower Extract;Hamamelis Virginiana (Witch Hazel) Leaf Extract;Ribes Nigrum (Black Currant) Leaf Extract;Spirulina Maxima Extract;Helianthus Annuus (Sunflower) Seed Oil,",1.0,18.0,4511.0,4.0,0.5,Eye Care,96.0,22.22,0.4,eye care,Low (3k - 7k)
Eye cream,FIRST AID BEAUTY,Detox Eye Roller,26,3.4,"Water, Hamamelis Virginiana Water, Butylene Glycol, Ethoxydiglycol, Caprylyl Glycol, Palmitoyl Hydrolyzed Wheat Protein, Glycerin, Polysorbate 20, Carbomer, Peg-12 Dimethicone, Aminomethyl Propanol, Glycyrrhiza Glabra Root Extract, Mica, Chrysanthemum Parthenium Extract, Menthyl Lactate, Caffeine, Camellia Sinensis Leaf Extract, Tin Oxide, Leuconostoc/Radish Root Ferment Filtrate, Hyaluronic Acid, Palmitoyl Oligopeptide, Palmitoyl Tetrapeptide-7, Phenoxyethanol, Benzoic Acid, Ci 77891.",1,1,1,1,1,detox_eye_roller,first_aid_beauty,eye_cream,first_aid_beauty_detox_eye_roller,0.0,549.0,13993.0,3.408,0.28,Eye Care,92.86,0.62,3.92,"Hamamelis Virginiana Water;Butylene Glycol;Ethoxydiglycol;Caprylyl Glycol;Palmitoyl Hydrolyzed Wheat Protein;Glycerin;Polysorbate 20;Carbomer;Peg-12 Dimethicone;Aminomethyl Propanol;Glycyrrhiza Glabra Root Extract;Mica;Chrysanthemum Parthenium Extract;Menthyl Lactate;Caffeine;Camellia Sinensis Leaf Extract;Tin Oxide;Leuconostoc/Radish Root Ferment Filtrate;Hyaluronic Acid;Palmitoyl Oligopeptide;Palmitoyl Tetrapeptide-7;Phenoxyethanol;Benzoic Acid;Ci 77891,",0.0,549.0,13993.0,3.408,0.28,Eye Care,92.86,0.62,3.92,eye care,High (13k - 26k)
Eye cream,KATE SOMERVILLE,Wrinkle Warrior® Eye Gel Visible Dark Circle Eraser,60,3.0,"Water, Propanediol, Coco-Caprylate/Caprate, Butylene Glycol, Sodium Acrylates Copolymer, Glycerin, Saccharomyces Cerevisiae Extract, Medicago Sativa (Alfalfa) Seed Extract, Hydrolyzed Lupine Protein, Plankton Extract, Hydrolyzed Hyaluronic Acid, Sodium Hyaluronate, Methylglucoside Phosphate, Copper Lysinate/Prolinate, Disodium Acetyl Glucosamine Phosphate, Chondrus Crispus Extract, Adenosine, 1,2-Hexanediol, Sodium Polyacrylate Starch, Lecithin, PEG-12 Dimethicone, Caprylhydroxamic Acid, Disodium EDTA, Phenoxyethanol, Ethylhexylglycerin, Sodium Benzate, Gluconolacctone.",1,1,1,1,0,wrinkle_warrior_eye_gel_visible_dark_circle_eraser,kate_somerville,eye_cream,kate_somerville_wrinkle_warrior_eye_gel_visible_dark_circle_eraser,,,,,,,,,,"Propanediol;Coco-Caprylate/Caprate;Butylene Glycol;Sodium Acrylates Copolymer;Glycerin;Saccharomyces Cerevisiae Extract;Medicago Sativa (Alfalfa) Seed Extract;Hydrolyzed Lupine Protein;Plankton Extract;Hydrolyzed Hyaluronic Acid;Sodium Hyaluronate;Methylglucoside Phosphate;Copper Lysinate/Prolinate;Disodium Acetyl Glucosamine Phosphate;Chondrus Crispus Extract;Adenosine;1,2-Hexanediol;Sodium Polyacrylate Starch;Lecithin;PEG-12 Dimethicone;Caprylhydroxamic Acid;Disodium EDTA;Phenoxyethanol;Ethylhexylglycerin;Sodium Benzate;Gluconolacctone,",0.0,67.0,3281.0,2.9701,0.3,,200.0,4.43,2.04,eye care,nan
Eye cream,CLARINS,Eye Contour Gel,41,3.8,"Water, Rosa Damascena Flower Water, Citrus Aurantium Amara (bitter Orange) Flower Water, Butylene Glycol, Glycerin, Carbomer, Tromethamine, Caffeine, Phenoxyethanol, Ethylhexylglycerin, PEG-8, Aloe Barbadensis Leaf Juice, PEG-32, Citric Acid, Benzyl Acohol, Centaurea Cyanus Flower Extract, Sodium Benzoate, Ginkgo Biloba Leaf Extract, Potassium Sorbate, Methylisothiazolinone, Chamomilla Recutita (Matricaria) Flower Extract, Dehydroacetic Acid, CI 42090/Blue 1.",0,0,0,0,0,eye_contour_gel,clarins,eye_cream,clarins_eye_contour_gel,0.0,97.0,2645.0,3.7835,0.7,Eye Care,60.0,3.9,3.67,"Rosa Damascena Flower Water;Citrus Aurantium Amara (bitter Orange) Flower Water;Butylene Glycol;Glycerin;Carbomer;Tromethamine;Caffeine;Phenoxyethanol;Ethylhexylglycerin;PEG-8;Aloe Barbadensis Leaf Juice;PEG-32;Citric Acid;Benzyl Acohol;Centaurea Cyanus Flower Extract;Sodium Benzoate;Ginkgo Biloba Leaf Extract;Potassium Sorbate;Methylisothiazolinone;Chamomilla Recutita (Matricaria) Flower Extract;Dehydroacetic Acid;CI 42090/Blue 1,",0.0,97.0,2645.0,3.7835,0.7,Eye Care,60.0,3.9,3.67,eye care,Very Low (0 - 3k)
Eye cream,ORIGINS,No Puffery™ Cooling Roll-On For Puffy Eyes,29,3.4,"Water, Butylene Glycol, Aloe Barbadensis Leaf Extract, Polysorbate 80, Ammonium Acryloyldimethyltaurate/Vp Copolymer, Poria Cocos Sclerotium Extract, Caffeine, Yeast Extract/Faex/Extrait De Levure, Cucumis Sativus (Cucumber) Fruit Extract, Phytosphingosine, Anthemis Nobilis (Chamomile) Oil*, Cucumis Sativus (Cucumber) Oil*, Ferula Galbaniflua (Galbanum) Resin Oil*, Citrus Medica Limonum (Lemon) Peel Oil*, Citrus Aurantium Dulcis (Orange) Peel Oil*, Canarium Luzonicum (Elemi) Leaf Extract, Rosa Damascena Extract, Geraniol, Citronellol, Limonene, Caprylyl Glycol, Sodium Dehydroacetate, Hexylene Glycol, Sodium Hyaluronate, Citric Acid, Disodium Edta, Phenoxyethanol * Essential Oil Please be aware that ingredient lists may change or vary from time to time.� Please refer to the ingredient list on the product package you receive for the most up to date list of ingredients.",0,0,0,0,0,no_puffery_cooling_roll_on_for_puffy_eyes,origins,eye_cream,origins_no_puffery_cooling_roll_on_for_puffy_eyes,,,,,,,,,,"Butylene Glycol;Aloe Barbadensis Leaf Extract;Polysorbate 80;Ammonium Acryloyldimethyltaurate/Vp Copolymer;Poria Cocos Sclerotium Extract;Caffeine;Yeast Extract/Faex/Extrait De Levure;Cucumis Sativus (Cucumber) Fruit Extract;Phytosphingosine;Anthemis Nobilis (Chamomile) Oil*;Cucumis Sativus (Cucumber) Oil*;Ferula Galbaniflua (Galbanum) Resin Oil*;Citrus Medica Limonum (Lemon) Peel Oil*;Citrus Aurantium Dulcis (Orange) Peel Oil*;Canarium Luzonicum (Elemi) Leaf Extract;Rosa Damascena Extract;Geraniol;Citronellol;Limonene;Caprylyl Glycol;Sodium Dehydroacetate;Hexylene Glycol;Sodium Hyaluronate;Citric Acid;Disodium Edta;Phenoxyethanol * Essential Oil Please be aware that ingredient lists may change or vary from time to time,� Please refer to the ingredient list on the product package you receive for the most up to date list of ingredients,",1.0,110.0,10242.0,3.4364,0.5,,58.0,3.12,1.07,eye care,nan
Eye cream,VOLITION BEAUTY,Helix AM/PM Eye Gel,52,3.9,"Propylene Glycol, Cyclopentasiloxane, Water, Dimethicone Crosspolymer, Snail Secretion Filtrate, Butylene Glycol, Sodium Acrylate/Sodium Acryloyldimethyl Taurate Copolymer, Isohexadecane, Polysorbate 80, Phenoxyethanol, Ethylhexylglycerin, Fragrance, Limonene.",1,1,1,1,0,helix_am_pm_eye_gel,volition_beauty,eye_cream,volition_beauty_helix_am_pm_eye_gel,,,,,,,,,,"Propylene Glycol;Cyclopentasiloxane;Dimethicone Crosspolymer;Snail Secretion Filtrate;Butylene Glycol;Sodium Acrylate/Sodium Acryloyldimethyl Taurate Copolymer;Isohexadecane;Polysorbate 80;Phenoxyethanol;Ethylhexylglycerin;Fragrance;Limonene,",,,,,,,,,,eye care,nan
Eye cream,PETER THOMAS ROTH,Retinol Fusion PM Eye Cream,55,3.7,"Water, Glyceryl Stearate, Caprylic/Capric Triglyceride, Cetyl Alcohol, Propylene Glycol Stearate, Cera Alba (Beeswax), Caffeine, Retinol, Butyrospermum Parkii (Shea) Butter, Persea Gratissima (Avocado) Oil, Ascorbic Acid, Retinyl Palmitate, Tocopheryl Acetate, Sodium Hyaluronate, Sodium PCA, BHT, Superoxide Dismutase, Squalane, Aloe Barbadensis Leaf Juice, Soluble Collagen, Hydrolyzed Elastin, Lecithin, Allantoin, Panthenol, Ceramide NP, Echinacea Purpurea Extract, Algae Extract, C13-14 Isoparaffin, Foeniculum Vulgare (Fennel) Seed Extract, Rosa Canina Fruit Oil, Viola Tricolor Extract, Camellia Sinensis Leaf Extract, Dimethicone, Helianthus Annuus (Sunflower) Seed Oil, Wheat Amino Acids, Potassium Phosphate, Leuconostoc/Radish Root Ferment Filtrate, Citric Acid, Disodium EDTA, Carbomer, Triethanolamine, Steapyrium Chloride, Polyacrylamide, Polysorbate 20, Oleic Acid, Soy Acid, Laureth-7, Ascorbyl Methylsilanol Pectinate, EDTA, Methylpropanediol, Butylene Glycol, Propylene Glycol, Potassium Sorbate, Sodium Benzoate, Pentylene Glycol, Alcohol, Phenoxyethanol.",1,1,1,1,1,retinol_fusion_pm_eye_cream,peter_thomas_roth,eye_cream,peter_thomas_roth_retinol_fusion_pm_eye_cream,0.0,42.0,4215.0,3.7381,0.5,Eye Care,110.0,8.9,1.0,"Glyceryl Stearate;Caprylic/Capric Triglyceride;Cetyl Alcohol;Propylene Glycol Stearate;Cera Alba (Beeswax);Caffeine;Retinol;Butyrospermum Parkii (Shea) Butter;Persea Gratissima (Avocado) Oil;Ascorbic Acid;Retinyl Palmitate;Tocopheryl Acetate;Sodium Hyaluronate;Sodium PCA;BHT;Superoxide Dismutase;Squalane;Aloe Barbadensis Leaf Juice;Soluble Collagen;Hydrolyzed Elastin;Lecithin;Allantoin;Panthenol;Ceramide NP;Echinacea Purpurea Extract;Algae Extract;C13-14 Isoparaffin;Foeniculum Vulgare (Fennel) Seed Extract;Rosa Canina Fruit Oil;Viola Tricolor Extract;Camellia Sinensis Leaf Extract;Dimethicone;Helianthus Annuus (Sunflower) Seed Oil;Wheat Amino Acids;Potassium Phosphate;Leuconostoc/Radish Root Ferment Filtrate;Citric Acid;Disodium EDTA;Carbomer;Triethanolamine;Steapyrium Chloride;Polyacrylamide;Polysorbate 20;Oleic Acid;Soy Acid;Laureth-7;Ascorbyl Methylsilanol Pectinate;EDTA;Methylpropanediol;Butylene Glycol;Propylene Glycol;Potassium Sorbate;Sodium Benzoate;Pentylene Glycol;Alcohol;Phenoxyethanol,",0.0,42.0,4215.0,3.7381,0.5,Eye Care,110.0,8.9,1.0,eye care,Low (3k - 7k)
Eye cream,ESTÉE LAUDER,Resilience Lift Firming/Sculpting Eye Creme,65,3.3,"Res Lift Frm/Sclp Eye Creme Division: El (Estee Lauder)Ingredients: Water , Butyrospermum Parkii (Shea Butter) , Butylene Glycol , Dimethicone , Cetearyl Alcohol , Cetyl Esters , Glycerin , Cetyl Alcohol , Isostearyl Neopentanoate , Polybutene , Cucumis Melo (Melon) Fruit Extract , Mimosa Tenuiflora Bark Extract , Narcissus Tazetta Bulb Extract , Plankton Extract , Caffeine , Malachite , Laminaria Digitata Extract , Algae Extract , Artemia Extract , Persea Gratissima (Avocado) Oil , Whey Protein/Lactis Protein/Proteine Du Petit-Lait , Cholesterol , Yeast Extract/Faex/Extrait De Levure , Anthemis Nobilis (Chamomile) , Saccharomyces Ferment Lysate Filtrate , Acetyl Hexapeptide-8 , Lecithin , Methyl Glucose Sesquistearate , Sorbitol , Polyethylene , Cetearyl Glucoside , Neopentyl Glycol Diheptanoate , Acetyl Glucosamine , Caprylyl Glycol , Sodium Hyaluronate , 1,2-Hexanediol , Lauryl Pca , Linoleic Acid , Tocopheryl Acetate , Polymethyl Methacrylate , Acrylates/C10-30 Alkyl Acrylate Crosspolymer , Trehalose , Zinc Pca , Aminopropyl Ascorbyl Phosphate , Propylene Glycol Dicaprylate , Cholesterol/Potassium Sulfate , Decarboxy Carnosine Hcl , Maltodextrin , Ergothioneine , Polyaminopropyl Biguanide , Carbomer , Hydrogenated Starch Hydrolysate , Citric Acid , Sodium Hydroxide , Disodium Edta , Bht , Phenoxyethanol , Iron Oxides (Ci 77491, Ci 77492, Ci 77499) , Titanium Dioxide (Ci 77891) , Mica",0,0,0,0,0,resilience_lift_firming_sculpting_eye_creme,estée_lauder,eye_cream,estée_lauder_resilience_lift_firming_sculpting_eye_creme,,,,,,,,,,"Res Lift Frm/Sclp Eye Creme Division: El (Estee Lauder)Ingredients: Water;Butyrospermum Parkii (Shea Butter);Butylene Glycol;Dimethicone;Cetearyl Alcohol;Cetyl Esters;Glycerin;Cetyl Alcohol;Isostearyl Neopentanoate;Polybutene;Cucumis Melo (Melon) Fruit Extract;Mimosa Tenuiflora Bark Extract;Narcissus Tazetta Bulb Extract;Plankton Extract;Caffeine;Malachite;Laminaria Digitata Extract;Algae Extract;Artemia Extract;Persea Gratissima (Avocado) Oil;Whey Protein/Lactis Protein/Proteine Du Petit-Lait;Cholesterol;Yeast Extract/Faex/Extrait De Levure;Anthemis Nobilis (Chamomile);Saccharomyces Ferment Lysate Filtrate;Acetyl Hexapeptide-8;Lecithin;Methyl Glucose Sesquistearate;Sorbitol;Polyethylene;Cetearyl Glucoside;Neopentyl Glycol Diheptanoate;Acetyl Glucosamine;Caprylyl Glycol;Sodium Hyaluronate;1,2-Hexanediol;Lauryl Pca;Linoleic Acid;Tocopheryl Acetate;Polymethyl Methacrylate;Acrylates/C10-30 Alkyl Acrylate Crosspolymer;Trehalose;Zinc Pca;Aminopropyl Ascorbyl Phosphate;Propylene Glycol Dicaprylate;Cholesterol/Potassium Sulfate;Decarboxy Carnosine Hcl;Maltodextrin;Ergothioneine;Polyaminopropyl Biguanide;Carbomer;Hydrogenated Starch Hydrolysate;Citric Acid;Sodium Hydroxide;Disodium Edta;Bht;Phenoxyethanol;Iron Oxides (Ci 77491;Ci 77492;Ci 77499);Titanium Dioxide (Ci 77891);Mica",,,,,,,,,,eye care,nan
Eye cream,PHILOSOPHY,Ultimate Miracle Worker Fix Eye Power-Treatment,68,3.9,"Water, Isononyl Isononanoate, Glycerin, Caprylic/Capric Triglyceride, Dimethyl Isosorbide, Pentylene Glycol, Tribehenin Peg-20 Esters, Ascorbyl Glucoside, Polyglyceryl-2 Diisostearate, Cyclopentasiloxane, Cyclohexasiloxane, Ammonium Acryloyldimethyltaurate/Vp Copolymer, Phenoxyethanol, Sodium Polyacrylate, Butylene Glycol, Sodium Hyaluronate, Acrylates Crosspolymer, Glycine Soja (Soybean) Oil, Sodium Hydroxide, Cetyl Alcohol, Glyceryl Stearate, Xanthan Gum, Peg-75 Stearate, Disodium Edta, Alcohol, Lecithin, Polysorbate 20, Adenosine, Ceteth-20, Steareth-20, Retinol, Carbomer, Bht, Acrylates/C10-30 Alkyl Acrylate Crosspolymer, Cellulose Gum, Chitosan, Ethylhexylglycerin, Glycolic Acid, Sorbitan Oleate, Hydrolyzed Soybean Extract, Behentrimonium Chloride, Sodium Benzoate, Potassium Phosphate, Isopropyl Alcohol, Palmitoyl Tripeptide-1, Bha, Palmitoyl Tetrapeptide-7, Tocopherol.",1,1,1,1,1,ultimate_miracle_worker_fix_eye_power_treatment,philosophy,eye_cream,philosophy_ultimate_miracle_worker_fix_eye_power_treatment,0.0,15.0,1520.0,4.0,0.5,Eye Care,136.0,26.67,0.99,"Isononyl Isononanoate;Glycerin;Caprylic/Capric Triglyceride;Dimethyl Isosorbide;Pentylene Glycol;Tribehenin Peg-20 Esters;Ascorbyl Glucoside;Polyglyceryl-2 Diisostearate;Cyclopentasiloxane;Cyclohexasiloxane;Ammonium Acryloyldimethyltaurate/Vp Copolymer;Phenoxyethanol;Sodium Polyacrylate;Butylene Glycol;Sodium Hyaluronate;Acrylates Crosspolymer;Glycine Soja (Soybean) Oil;Sodium Hydroxide;Cetyl Alcohol;Glyceryl Stearate;Xanthan Gum;Peg-75 Stearate;Disodium Edta;Alcohol;Lecithin;Polysorbate 20;Adenosine;Ceteth-20;Steareth-20;Retinol;Carbomer;Bht;Acrylates/C10-30 Alkyl Acrylate Crosspolymer;Cellulose Gum;Chitosan;Ethylhexylglycerin;Glycolic Acid;Sorbitan Oleate;Hydrolyzed Soybean Extract;Behentrimonium Chloride;Sodium Benzoate;Potassium Phosphate;Isopropyl Alcohol;Palmitoyl Tripeptide-1;Bha;Palmitoyl Tetrapeptide-7;Tocopherol,",0.0,15.0,1520.0,4.0,0.5,Eye Care,136.0,26.67,0.99,eye care,Very Low (0 - 3k)
Eye cream,KATE SOMERVILLE,Line Release Under Eye Repair Cream,125,3.9,"Water, Phenyl Trimethicone, Cyclopentasiloxane, Cyclotetrasiloxane, Dipeptide Diaminobutyroyl Benzylamide Diacetate, PPG-12/SMDI Copolymer, Glycerin, Theobroma Grandiflorum Seed Butter, Dimethicone, C12-15 Alkyl Benzoate, Dimethiconol, Sodium Polyacrylate, Sodium Stearoyl Glutamate, Phenoxyethanol, Butylene Glycol, Steareth-2, PEG/PPG-18/18 Dimethicone, Carbomer, Cetyl Esters, Ethylhexyl Cocoate, Palmitoyl Oligopeptide, Phospholipids, Sodium PCA, Palmitoyl Tetrapeptide-7, Polysorbate 20, Polyquaternium-51, Sodium Hyaluronate, Trehalose, Urea, Ceramide 2, Cucumis Sativus (Cucumber) Fruit Extract, Ethylhexylglycerin, PEG-10 Rapeseed Sterol, Tocopheryl Acetate, Tribehenin, Hydrolyzed Rice Bran Protein, Acetyl Hexapeptide-3, Ascorbyl Palmitate, Glycolipids, Lecithin, Retinyl Palmitate, Xanthan Gum, Arginine, Glycine, Lysine, Proline, Glycine Soja (Soybean) Oil, Oxido Reductases.",0,0,0,0,0,line_release_under_eye_repair_cream,kate_somerville,eye_cream,kate_somerville_line_release_under_eye_repair_cream,0.0,66.0,2656.0,3.9091,0.5,Eye Care,250.0,5.92,2.48,"Phenyl Trimethicone;Cyclopentasiloxane;Cyclotetrasiloxane;Dipeptide Diaminobutyroyl Benzylamide Diacetate;PPG-12/SMDI Copolymer;Glycerin;Theobroma Grandiflorum Seed Butter;Dimethicone;C12-15 Alkyl Benzoate;Dimethiconol;Sodium Polyacrylate;Sodium Stearoyl Glutamate;Phenoxyethanol;Butylene Glycol;Steareth-2;PEG/PPG-18/18 Dimethicone;Carbomer;Cetyl Esters;Ethylhexyl Cocoate;Palmitoyl Oligopeptide;Phospholipids;Sodium PCA;Palmitoyl Tetrapeptide-7;Polysorbate 20;Polyquaternium-51;Sodium Hyaluronate;Trehalose;Urea;Ceramide 2;Cucumis Sativus (Cucumber) Fruit Extract;Ethylhexylglycerin;PEG-10 Rapeseed Sterol;Tocopheryl Acetate;Tribehenin;Hydrolyzed Rice Bran Protein;Acetyl Hexapeptide-3;Ascorbyl Palmitate;Glycolipids;Lecithin;Retinyl Palmitate;Xanthan Gum;Arginine;Glycine;Lysine;Proline;Glycine Soja (Soybean) Oil;Oxido Reductases,",0.0,66.0,2656.0,3.9091,0.5,Eye Care,250.0,5.92,2.48,eye care,Very Low (0 - 3k)
Eye cream,DERMADOCTOR,Wrinkle Revenge Eye Balm,50,4.1,"Water, Caprylic/Capric Triglyceride, Palmitoyl Pentapeptide-4, Hesperidin Methyl Chalcone, Steareth-20, Dipeptide-2, Palmitoyl Tetrapeptide-7, Camellia Sinensis (White Tea) Leaf Extract, Glycerin, Methyl Gluceth-20, Cetyl Alcohol, Glyceryl Stearate, Stearic Acid, Polyethylene, Sodium Stearoyl Lactylate, Caffeine, Sodium Hyaluronate, Sodium Ascorbyl Phosphate, Propylene Glycol, Macrocystis Pyrifera Extract, Spirulina Maxima Extract, Fucus Vesiculosus Extract, Chondrus Crispus (Carrageenan) Extract, Nasturtium Officinale Extract, Cetraria Islandica Extract, Vitis Vinifera (Grape) Seed Extract, llex Paraguariensis (Paraguay Tea) Leaf Extract, Lecithin, Superoxide Dismutase, Butylene Glycol, Saccharomyces Lysate Extract, Squalane, Ubiquinone, Retinyl Palmitate, Tocopheryl Acetate, Dimethicone, Cyclomethicone, Acrylates/C10-30 Alkyl Acrylate Crosspolymer, Carbomer, Disodium EDTA, Polysorbate 20, PPG-2 Myristyl Ether Propionate, Aminomethyl Propanol, Phenoxyethanol, Methylparaben, Ethylparaben, Propylparaben, Butylparaben, Isobutylparaben.",0,0,0,0,0,wrinkle_revenge_eye_balm,dermadoctor,eye_cream,dermadoctor_wrinkle_revenge_eye_balm,0.0,378.0,6263.0,4.0635,0.5,Eye Care,100.0,1.08,6.04,"Caprylic/Capric Triglyceride;Palmitoyl Pentapeptide-4;Hesperidin Methyl Chalcone;Steareth-20;Dipeptide-2;Palmitoyl Tetrapeptide-7;Camellia Sinensis (White Tea) Leaf Extract;Glycerin;Methyl Gluceth-20;Cetyl Alcohol;Glyceryl Stearate;Stearic Acid;Polyethylene;Sodium Stearoyl Lactylate;Caffeine;Sodium Hyaluronate;Sodium Ascorbyl Phosphate;Propylene Glycol;Macrocystis Pyrifera Extract;Spirulina Maxima Extract;Fucus Vesiculosus Extract;Chondrus Crispus (Carrageenan) Extract;Nasturtium Officinale Extract;Cetraria Islandica Extract;Vitis Vinifera (Grape) Seed Extract;llex Paraguariensis (Paraguay Tea) Leaf Extract;Lecithin;Superoxide Dismutase;Butylene Glycol;Saccharomyces Lysate Extract;Squalane;Ubiquinone;Retinyl Palmitate;Tocopheryl Acetate;Dimethicone;Cyclomethicone;Acrylates/C10-30 Alkyl Acrylate Crosspolymer;Carbomer;Disodium EDTA;Polysorbate 20;PPG-2 Myristyl Ether Propionate;Aminomethyl Propanol;Phenoxyethanol;Methylparaben;Ethylparaben;Propylparaben;Butylparaben;Isobutylparaben,",0.0,378.0,6263.0,4.0635,0.5,Eye Care,100.0,1.08,6.04,eye care,Low (3k - 7k)
Eye cream,REN CLEAN SKINCARE,Keep Young And Beautiful™ Instant Brightening Beauty Shot Eye Lift,45,3.7,"Water, Silica, Sodium Hyaluronate, Hydroxypropyl Methylcellulose, Glycerin, Pullulan, Carbomer, Mica, CI77891 (Titanium Dioxide), Polianthes Tuberosa Callus Extract, Sodium Hydroxide, Phenoxyethanol, Porphyridium Cruentum Extract, Sodium Hydroxymethylglycinate, Rosa Damascena Flower Oil, Rosa Damascena Extract, Citronellol, Geraniol.",1,1,1,1,1,keep_young_and_beautiful_instant_brightening_beauty_shot_eye_lift,ren_clean_skincare,eye_cream,ren_clean_skincare_keep_young_and_beautiful_instant_brightening_beauty_shot_eye_lift,,,,,,,,,,"Silica;Sodium Hyaluronate;Hydroxypropyl Methylcellulose;Glycerin;Pullulan;Carbomer;Mica;CI77891 (Titanium Dioxide);Polianthes Tuberosa Callus Extract;Sodium Hydroxide;Phenoxyethanol;Porphyridium Cruentum Extract;Sodium Hydroxymethylglycinate;Rosa Damascena Flower Oil;Rosa Damascena Extract;Citronellol;Geraniol,",1.0,214.0,12620.0,4.014,1.02,,54.9,1.88,1.7,eye care,nan
Eye cream,PHILOSOPHY,Purity Made Simple Hydra-Bounce Eye Gel,24,3.3,"Water, Glycerin, Caprylic/Capric Triglyceride, Butylene Glycol, Peg-240/Hdi Copolymer Bis-Decyltetradeceth-20 Ether, Limnanthes Alba (Meadowfoam) Seed Oil, Polyglyceryl-2 Diisostearate, Polysorbate 20, Butyrospermum Parkii (Shea) Butter Extract, Phenoxyethanol, Olea Europaea (Olive) Fruit Oil, Tocopheryl Acetate, Bisabolol, Cetearyl Olivate, Cyclopentasiloxane, Sorbitan Olivate, Caffeine, Panthenol, Propylene Glycol, Creatine, Dimethiconol, Salvia Hispanica Seed Oil, Acrylates/C10-30 Alkyl Acrylate Crosspolymer, Peg-8, Lecithin, Cyclohexasiloxane, Hydrogenated Lecithin, Ascorbyl Glucoside, Bht, Disodium Edta, Ginkgo Biloba Leaf Extract, Sodium Hydroxide, Tocopherol, Aesculus Hippocastanum (Horse Chestnut) Seed Extract, Glucose, Lactic Acid, Chlorphenesin, Alcohol Denat., Ascorbyl Palmitate, Pantolactone, Potassium Sorbate, Camellia Sinensis Leaf Extract, Coffea Arabica (Coffee) Seed Extract, Pongamia Pinnata Seed Extract, Sorbic Acid, Citric Acid, Ascorbic Acid, Sodium Benzoate, Angelica Archangelica Root Extract, Citrus Aurantium Amara (Bitter Orange) Peel Extract, Maltodextrin, Polyglyceryl-3 Diisostearate, Magnesium Aluminum Silicate, Xanthan Gum, Farnesol, Caprylyl Glycol, Sclerotium Gum, Fd&C Yellow No. 5 (Ci 19140).",1,1,1,1,1,purity_made_simple_hydra_bounce_eye_gel,philosophy,eye_cream,philosophy_purity_made_simple_hydra_bounce_eye_gel,0.0,48.0,3225.0,3.5,0.5,Eye Care,48.0,7.29,1.49,"Glycerin;Caprylic/Capric Triglyceride;Butylene Glycol;Peg-240/Hdi Copolymer Bis-Decyltetradeceth-20 Ether;Limnanthes Alba (Meadowfoam) Seed Oil;Polyglyceryl-2 Diisostearate;Polysorbate 20;Butyrospermum Parkii (Shea) Butter Extract;Phenoxyethanol;Olea Europaea (Olive) Fruit Oil;Tocopheryl Acetate;Bisabolol;Cetearyl Olivate;Cyclopentasiloxane;Sorbitan Olivate;Caffeine;Panthenol;Propylene Glycol;Creatine;Dimethiconol;Salvia Hispanica Seed Oil;Acrylates/C10-30 Alkyl Acrylate Crosspolymer;Peg-8;Lecithin;Cyclohexasiloxane;Hydrogenated Lecithin;Ascorbyl Glucoside;Bht;Disodium Edta;Ginkgo Biloba Leaf Extract;Sodium Hydroxide;Tocopherol;Aesculus Hippocastanum (Horse Chestnut) Seed Extract;Glucose;Lactic Acid;Chlorphenesin;Alcohol Denat,;Ascorbyl Palmitate;Pantolactone;Potassium Sorbate;Camellia Sinensis Leaf Extract;Coffea Arabica (Coffee) Seed Extract;Pongamia Pinnata Seed Extract;Sorbic Acid;Citric Acid;Ascorbic Acid;Sodium Benzoate;Angelica Archangelica Root Extract;Citrus Aurantium Amara (Bitter Orange) Peel Extract;Maltodextrin;Polyglyceryl-3 Diisostearate;Magnesium Aluminum Silicate;Xanthan Gum;Farnesol;Caprylyl Glycol;Sclerotium Gum;Fd&C Yellow No, 5 (Ci 19140),",0.0,48.0,3225.0,3.5,0.5,Eye Care,48.0,7.29,1.49,eye care,Very Low (0 - 3k)
Eye cream,PERRICONE MD,H2 Elemental Energy De-Puffing Eye Gel,75,3.5,"Water, Cyclopentasiloxane, Glycereth-26, Glycerin, Cetyl Ethylhexanoate, Sodium Potassium Aluminum Silicate, Methyl Gluceth-20, Phosphatidycholine, Sodium Hyaluronate, Sodium Borohydride, Palmitoyl Tripeptide-5, Palmitoyl Tripeptide-38, Dunaliella Salina Extract, Avena Sativa (Oat) Kernel Extract, Ectoin, Adenosine, Sodium PCA, Sodium Lactate, Paeonia Suffruticosa Root Extract, Panthenol, Scutellaria Baicalensis Root Extract, Cyclohexasiloxane, Butylene Glycol, Cetearyl Olivate, Betaine, Dimethicone, Hydroxyacetophenone, Tromethamine, Sorbitan Olivate, Carbomer, Helianthus Annuus (Sunflower) Seed Oil, Acrylates/C10-30 Alkyl Acrylate Crosspolymer, Allantoin, Saccharomyces/Viscum Album (Mistletoe) Ferment Extract, Disodium EDTA, Glyceryl Polyacrylate, Lactobacillus/Soybean Ferment Extract, Saccharomyces/Imperata Cylindrica Root Ferment Extract, Arginine, Aspartic Acid, PCA, Glycine, Alanine, Serine, Valine, Isoleucine, Proline, Threonine, Histidine, Phenylalanine, Silica, Hydroxypropyl Cyclodextrin, Titanium Dioxide (CI 77891).",1,1,1,1,1,h2_elemental_energy_de_puffing_eye_gel,perricone_md,eye_cream,perricone_md_h2_elemental_energy_de_puffing_eye_gel,0.0,13.0,1736.0,3.0769,0.5,Eye Care,150.0,23.67,0.75,"Cyclopentasiloxane;Glycereth-26;Glycerin;Cetyl Ethylhexanoate;Sodium Potassium Aluminum Silicate;Methyl Gluceth-20;Phosphatidycholine;Sodium Hyaluronate;Sodium Borohydride;Palmitoyl Tripeptide-5;Palmitoyl Tripeptide-38;Dunaliella Salina Extract;Avena Sativa (Oat) Kernel Extract;Ectoin;Adenosine;Sodium PCA;Sodium Lactate;Paeonia Suffruticosa Root Extract;Panthenol;Scutellaria Baicalensis Root Extract;Cyclohexasiloxane;Butylene Glycol;Cetearyl Olivate;Betaine;Dimethicone;Hydroxyacetophenone;Tromethamine;Sorbitan Olivate;Carbomer;Helianthus Annuus (Sunflower) Seed Oil;Acrylates/C10-30 Alkyl Acrylate Crosspolymer;Allantoin;Saccharomyces/Viscum Album (Mistletoe) Ferment Extract;Disodium EDTA;Glyceryl Polyacrylate;Lactobacillus/Soybean Ferment Extract;Saccharomyces/Imperata Cylindrica Root Ferment Extract;Arginine;Aspartic Acid;PCA;Glycine;Alanine;Serine;Valine;Isoleucine;Proline;Threonine;Histidine;Phenylalanine;Silica;Hydroxypropyl Cyclodextrin;Titanium Dioxide (CI 77891),",0.0,13.0,1736.0,3.0769,0.5,Eye Care,150.0,23.67,0.75,eye care,Very Low (0 - 3k)
Eye cream,BAREMINERALS,SKINLONGEVITY™ Vital Power Eye Gel Cream,32,4.2,"Water, Glycerin, Propanediol, Dipropylene Glycol, Niacinamide, Pentaerythrityl Tetraethylhexanoate, Butyrospermum Parkii (Shea) Butter, Dimethicone, Ascorbyl Glucoside, Jojoba Esters, Theobroma Grandiflorum Seed Butter, Coconut Alkanes, Agar, Nylon-12, Peucedanum Japonicum Leaf/Stem Extract, Citrus Unshiu Peel Extract, Dunaliella Salina Extract, Eschscholtzia Californica Leaf Cell, Zingiber Aromaticus Extract, Acrylates/C10-30 Alkyl Acrylate Crosspolymer, Polyacrylate Crosspolymer-6, Isoamyl Laurate, Panthenol, Potassium Hydroxide, Tocopherol, Coco-Caprylate/Caprate, Alcohol, Butylene Glycol, Sodium Polyacrylate Starch, Xanthan Gum, Sodium Citrate, Glyceryl Acrylate/Acrylic Acid Copolymer, Sodium Metaphosphate, Citric Acid, T-Butyl Alcohol, Sodium Hyaluronate, Ethylhexylglycerin, Palmitoyl Tripeptide-5, Pantolactone, Potassium Sorbate, Succinoglycan, Sodium Benzoate, Phenoxyethanol.",1,1,1,1,1,skinlongevity_vital_power_eye_gel_cream,bareminerals,eye_cream,bareminerals_skinlongevity_vital_power_eye_gel_cream,,,,,,,,,,"Glycerin;Propanediol;Dipropylene Glycol;Niacinamide;Pentaerythrityl Tetraethylhexanoate;Butyrospermum Parkii (Shea) Butter;Dimethicone;Ascorbyl Glucoside;Jojoba Esters;Theobroma Grandiflorum Seed Butter;Coconut Alkanes;Agar;Nylon-12;Peucedanum Japonicum Leaf/Stem Extract;Citrus Unshiu Peel Extract;Dunaliella Salina Extract;Eschscholtzia Californica Leaf Cell;Zingiber Aromaticus Extract;Acrylates/C10-30 Alkyl Acrylate Crosspolymer;Polyacrylate Crosspolymer-6;Isoamyl Laurate;Panthenol;Potassium Hydroxide;Tocopherol;Coco-Caprylate/Caprate;Alcohol;Butylene Glycol;Sodium Polyacrylate Starch;Xanthan Gum;Sodium Citrate;Glyceryl Acrylate/Acrylic Acid Copolymer;Sodium Metaphosphate;Citric Acid;T-Butyl Alcohol;Sodium Hyaluronate;Ethylhexylglycerin;Palmitoyl Tripeptide-5;Pantolactone;Potassium Sorbate;Succinoglycan;Sodium Benzoate;Phenoxyethanol,",0.0,35.0,5375.0,3.8857,0.5,,64.0,11.1,0.65,eye care,nan
Eye cream,DIOR,Hydra Life Cooling Hydration Sorbet Eye Gel,55,3.8,"-Cornflower Water: Revitalizes the appearance of eyelids and reduces the appearance of puffiness. -Micronized Powders: Illuminate and help diminish the look of dark circles. -Abyssinica Oil: Nourishes, coats, and strengthens lashes and eyebrows. -Haberlea: Supports the skin's natural defenses. -Mallow: Supports natural circulation of water in the skin for improved hydration.",0,1,1,0,1,hydra_life_cooling_hydration_sorbet_eye_gel,dior,eye_cream,dior_hydra_life_cooling_hydration_sorbet_eye_gel,0.0,14.0,2515.0,3.8571,0.5,Eye Care,110.0,27.55,0.56,"-Cornflower Water: Revitalizes the appearance of eyelids and reduces the appearance of puffiness, -Micronized Powders: Illuminate and help diminish the look of dark circles, -Abyssinica Oil: Nourishes;coats;and strengthens lashes and eyebrows, -Haberlea: Supports the skin's natural defenses, -Mallow: Supports natural circulation of water in the skin for improved hydration,",0.0,14.0,2515.0,3.8571,0.5,Eye Care,110.0,27.55,0.56,eye care,Very Low (0 - 3k)
Eye cream,LANCÔME,Énergie de Vie The Illuminating & Anti-Fatigue Cooling Eye Gel,39,3.5,"Water, Glycerin, Alcohol Denat., Niacinamide, Melissa Officinalis Flower/Leaf/Stem Water, Dimethicone, Betaine, Isononyl Isononanoate, Ci 77891, Titanium Dioxide, Ci 19140, Yellow 5, Ci 42090, Blue 1, T-Butyl Alcohol, Tocopherol, Mica, Vaccinium Macrocarpon (Cranberry) Seed Oil, Ascorbyl Glucoside, Sodium Acrylates Crosspolymer-2, Phenoxyethanol, Caffeine, Arginine, Trisodium Ethylenediamine Disuccinate, Chlorphenesin, Silica Silylate, Salicylic Acid, Silica, Melissa Officinalis Leaf Oil, Ammonium Polyacryloyldimethyl Taurate, Dimethiconol, Limonene, Xanthan Gum, Menthoxypropanediol, Panax Ginseng Root Extract Propanediol, Phospholipids, Biosaccharide Gum-1, Carbomer, Citric Acid, Citral, Dextrin, Oryza Sativa Extract, Rice Extract, Fragrance.",1,1,1,1,1,énergie_de_vie_the_illuminating_anti_fatigue_cooling_eye_gel,lancôme,eye_cream,lancôme_énergie_de_vie_the_illuminating_anti_fatigue_cooling_eye_gel,,,,,,,,,,"Glycerin;Alcohol Denat,;Niacinamide;Melissa Officinalis Flower/Leaf/Stem Water;Dimethicone;Betaine;Isononyl Isononanoate;Ci 77891;Titanium Dioxide;Ci 19140;Yellow 5;Ci 42090;Blue 1;T-Butyl Alcohol;Tocopherol;Mica;Vaccinium Macrocarpon (Cranberry) Seed Oil;Ascorbyl Glucoside;Sodium Acrylates Crosspolymer-2;Phenoxyethanol;Caffeine;Arginine;Trisodium Ethylenediamine Disuccinate;Chlorphenesin;Silica Silylate;Salicylic Acid;Silica;Melissa Officinalis Leaf Oil;Ammonium Polyacryloyldimethyl Taurate;Dimethiconol;Limonene;Xanthan Gum;Menthoxypropanediol;Panax Ginseng Root Extract Propanediol;Phospholipids;Biosaccharide Gum-1;Carbomer;Citric Acid;Citral;Dextrin;Oryza Sativa Extract;Rice Extract;Fragrance,",0.0,46.0,3549.0,3.5217,0.5,,84.0,7.66,1.3,eye care,nan
Eye cream,SHISEIDO,Benefiance NutriPerfect Eye Serum,76,4.0,Visit the Shiseido boutique,0,0,0,0,0,benefiance_nutriperfect_eye_serum,shiseido,eye_cream,shiseido_benefiance_nutriperfect_eye_serum,0.0,12.0,1459.0,4.0,0.53,Eye Care,147.17,33.33,0.82,Visit the Shiseido boutique,0.0,12.0,1459.0,4.0,0.53,Eye Care,147.17,33.33,0.82,eye care,Very Low (0 - 3k)
Eye cream,TATCHA,Luminous Deep Hydration Revitalizing Eye Mask,12,3.7,"Water, Glycerin, Propanediol, Chondrus Crisrus (Red Algae) Extract, Methyl Gluceth-20, Camellia Sinensis (Green Tea) Leaf Extract, Algae Extract, Royal Jelly Extract, Sericin (Silk Extract), Inositol (Rice Extract), Coix Lacryma-Jobi Ma Yuen Seed Extract, Lonicera Japonica (Honeysuckle) Leaf Extract, Paeonia Albiflora Root (Peony) Extract, Dipotassium Glycyrrhizate (Licorice Extract), Chamomilla Recutita (Matricaria) Flower Extract, Squalane (Olive Origin), Stearyl Glycyrrhetinate (Licorice), Hydrogenated Lecithin (Soy Origin), Carrageenan, Ppg-6-Decyltetradeceth-30, Polyglyceryl-10 Myristate, Polyglyceryl-10 Eicosanedioate/Tetradecanedioate, Sodium Hyaluronate, Sodium Dilauramidoglutamide Lysine, Ethylhexylglycerin, Fragrance (Natural), Alcohol, Phenoxyethanol.",0,0,0,0,0,luminous_deep_hydration_revitalizing_eye_mask,tatcha,eye_cream,tatcha_luminous_deep_hydration_revitalizing_eye_mask,1.0,51.0,14555.0,3.6667,,Eye Care,,7.19,0.35,"Glycerin;Propanediol;Chondrus Crisrus (Red Algae) Extract;Methyl Gluceth-20;Camellia Sinensis (Green Tea) Leaf Extract;Algae Extract;Royal Jelly Extract;Sericin (Silk Extract);Inositol (Rice Extract);Coix Lacryma-Jobi Ma Yuen Seed Extract;Lonicera Japonica (Honeysuckle) Leaf Extract;Paeonia Albiflora Root (Peony) Extract;Dipotassium Glycyrrhizate (Licorice Extract);Chamomilla Recutita (Matricaria) Flower Extract;Squalane (Olive Origin);Stearyl Glycyrrhetinate (Licorice);Hydrogenated Lecithin (Soy Origin);Carrageenan;Ppg-6-Decyltetradeceth-30;Polyglyceryl-10 Myristate;Polyglyceryl-10 Eicosanedioate/Tetradecanedioate;Sodium Hyaluronate;Sodium Dilauramidoglutamide Lysine;Ethylhexylglycerin;Fragrance (Natural);Alcohol;Phenoxyethanol,",1.0,51.0,14555.0,3.6667,,Eye Care,,7.19,0.35,eye care,High (13k - 26k)
Eye cream,ORIGINS,A Perfect World™ SPF 20 Age-Defense Eye Cream with White Tea,41,4.0,"Titanium Dioxide 5.7%, Zinc Oxide 3.8%Water, Isocetyl Stearoyl Stearate, Butylene Glycol, C12-15 Alkyl Benzoate, Cetyl Alcohol, Butyrospermum Parkii (Shea Butter), Laureth-4, Dimethicone, Trehalose, Polyethylene, Peg-100 Stearate, Cetyl Esters, Camellia Sinensis (White Tea) Leaf Extract, Sigesbeckia Orientalis (St. Paul'S Wort) Extract, Vaccinium Macrocarpon (Cranberry) Fruit Extract, Vaccinium Angustifolium (Blueberry) Fruit Extract, Solanum Tuberosum (Potato) Pulp Extract, Opuntia Tuna Extract, Lycium Chinense (Wolfberry) Fruit Extract, Eriobotrya Japonica (Loquat) Leaf Extract, Molasses Extract/Saccharum Officinarum/Extrait De Melasse, Betula Alba (Birch) Bark Extract, Passiflora Incarnata Flower Extract, Lythrum Salicaria Extract, Saccharomyces Lysate Extract, Phytosphingosine, Aminopropyl Ascorbyl Phosphate, Leontopodium Alpinum Extract, Algae Extract, Sodium Hyaluronate, Yeast Extract/Faex/Extrait De Levure, Boswellia Serrata Extract, Astrocaryum Murumuru Seed Butter, Ergothioneine, Oryzanol, Hydroxyethyl Acrylate/Sodium Acryloyldimethyl Taurate Copolymer, Lauric Acid, Glycerin, Squalane, Tocopheryl Acetate, Isostearic Acid, Caprylyl Glycol, Polyhydroxystearic Acid, Polysorbate 60, Sodium Pca, Urea, Sodium Phytate, Aluminum Hydroxide, Tromethamine, Hexylene Glycol, Polyquaternium-51, Lecithin, Bht, Phenoxyethanol, Mica, Iron Oxides (Ci 77491, Ci 77492, Ci 77499) Please be aware that ingredient lists may change or vary from time to time.� Please refer to the ingredient list on the product package you receive for the most up to date list of ingredients.",1,1,1,1,1,a_perfect_world_spf_20_age_defense_eye_cream_with_white_tea,origins,eye_cream,origins_a_perfect_world_spf_20_age_defense_eye_cream_with_white_tea,,,,,,,,,,"Titanium Dioxide 5,7%;Zinc Oxide 3,8%Water;Isocetyl Stearoyl Stearate;Butylene Glycol;C12-15 Alkyl Benzoate;Cetyl Alcohol;Butyrospermum Parkii (Shea Butter);Laureth-4;Dimethicone;Trehalose;Polyethylene;Peg-100 Stearate;Cetyl Esters;Camellia Sinensis (White Tea) Leaf Extract;Sigesbeckia Orientalis (St, Paul'S Wort) Extract;Vaccinium Macrocarpon (Cranberry) Fruit Extract;Vaccinium Angustifolium (Blueberry) Fruit Extract;Solanum Tuberosum (Potato) Pulp Extract;Opuntia Tuna Extract;Lycium Chinense (Wolfberry) Fruit Extract;Eriobotrya Japonica (Loquat) Leaf Extract;Molasses Extract/Saccharum Officinarum/Extrait De Melasse;Betula Alba (Birch) Bark Extract;Passiflora Incarnata Flower Extract;Lythrum Salicaria Extract;Saccharomyces Lysate Extract;Phytosphingosine;Aminopropyl Ascorbyl Phosphate;Leontopodium Alpinum Extract;Algae Extract;Sodium Hyaluronate;Yeast Extract/Faex/Extrait De Levure;Boswellia Serrata Extract;Astrocaryum Murumuru Seed Butter;Ergothioneine;Oryzanol;Hydroxyethyl Acrylate/Sodium Acryloyldimethyl Taurate Copolymer;Lauric Acid;Glycerin;Squalane;Tocopheryl Acetate;Isostearic Acid;Caprylyl Glycol;Polyhydroxystearic Acid;Polysorbate 60;Sodium Pca;Urea;Sodium Phytate;Aluminum Hydroxide;Tromethamine;Hexylene Glycol;Polyquaternium-51;Lecithin;Bht;Phenoxyethanol;Mica;Iron Oxides (Ci 77491;Ci 77492;Ci 77499) Please be aware that ingredient lists may change or vary from time to time,� Please refer to the ingredient list on the product package you receive for the most up to date list of ingredients,",1.0,227.0,10605.0,3.5463,1.7,,26.47,1.56,2.14,eye care,nan
Eye cream,CLARINS,Enhancing Eye Lift Serum,65,3.4,"Water, Glycerin, Propa Nediol, Betaine, Butylene Glycol, Acrylates/C10-30 Alkyl Acrylate Crosspolymer, Tromethamine, Caffeine, Panthenol, Avena Sativa (Oat) Kernel Extract, Caprylyl Glycol, Disodium Edta, Ethylhexylglycerin, Ppg-26-Buteth- 26, Peg-40 Hydrogenated Castor Oil, Mica, Polymethyl Methacrylate, Escin, Zingiber Zerumbet Extract, Ci 77891/Titanium Dioxide, Sodium Acrylates Copolymer, Parfum/Fragrance, Hydrogenated Polyisobutene, Alcohol, Phospholipids, Phenoxyethanol, Polyglyceryl-10 Stearate, Sodium Benzoate, Helianthus Annuus (Sunflower) Seed Oil, Biosaccharide Gum-4, Baccharis Genistelloides Extract, Thermus Thermophillus Fer -Ment, Xylitol, Diospyros Kaki Fruit Extract, Alchemilla Vulgaris Extract, Lapsa Na Communis Flower/Leaf/Stem Extract, Paullinia Cupana Seed Extract, Potassium Sorbate, Camellia Sinensis Leaf Extract, Sodium Lauryl Sulfate.",1,1,1,1,1,enhancing_eye_lift_serum,clarins,eye_cream,clarins_enhancing_eye_lift_serum,0.0,10.0,1307.0,3.4,0.5,Eye Care,130.0,34.0,0.77,"Glycerin;Propa Nediol;Betaine;Butylene Glycol;Acrylates/C10-30 Alkyl Acrylate Crosspolymer;Tromethamine;Caffeine;Panthenol;Avena Sativa (Oat) Kernel Extract;Caprylyl Glycol;Disodium Edta;Ethylhexylglycerin;Ppg-26-Buteth- 26;Peg-40 Hydrogenated Castor Oil;Mica;Polymethyl Methacrylate;Escin;Zingiber Zerumbet Extract;Ci 77891/Titanium Dioxide;Sodium Acrylates Copolymer;Parfum/Fragrance;Hydrogenated Polyisobutene;Alcohol;Phospholipids;Phenoxyethanol;Polyglyceryl-10 Stearate;Sodium Benzoate;Helianthus Annuus (Sunflower) Seed Oil;Biosaccharide Gum-4;Baccharis Genistelloides Extract;Thermus Thermophillus Fer -Ment;Xylitol;Diospyros Kaki Fruit Extract;Alchemilla Vulgaris Extract;Lapsa Na Communis Flower/Leaf/Stem Extract;Paullinia Cupana Seed Extract;Potassium Sorbate;Camellia Sinensis Leaf Extract;Sodium Lauryl Sulfate,",0.0,10.0,1307.0,3.4,0.5,Eye Care,130.0,34.0,0.77,eye care,Very Low (0 - 3k)
Eye cream,SHISEIDO,Essential Energy Eye Definer,42,0.0,"Water, Dimethicone, Glycerin, Sd Alcohol 40-B (Alcohol Denat.), Butylene Glycol, Dipropylene Glycol, Peg-10 Dimethicone, Polymethylsilsesquioxane, Diphenylsiloxy Phenyl Trimethicone, Disteardimonium Hectorite, Trehalose, Titanium Dioxide (Ci 77891), Pentaerythrityl Tetraethylhexanoate, Sodium Chloride, Peg-150, Isostearic Acid, Phenoxyethanol, Mica, Disodium Edta, Tocopheryl Acetate, Sodium Citrate, Fragrance, Alcohol, Trimethylsiloxysilicate, Tin Oxide, Caffeine, Aluminum Hydroxide, Polysilicone-2, Citric Acid, Hydrogen Dimethicone, Hexyl Cinnamal, Iron Oxides (Ci 77491), Tocopherol, Limonene, Linalool, Sodium Metabisulfite, Talc, Citronellol, Angelica Keiskei Leaf/Stem Extract, Sanguisorba Officinalis Root Extract, Crataegus Monogyna Flower Extract, Geraniol, Sodium Acetylated Hyaluronate, Vaccinium Macrocarpon (Cranberry) Seed Oil, Cinnamomum Cassia Bark Extract, Citrus Unshiu Peel Extract, Zingiber Aromaticus Extract, Rubus Idaeus (Raspberry) Fruit Extract, Coix Lacryma-Jobi Ma-Yuen Seed Extract, Helianthus Annuus (Sunflower) Seed Oil, Rosmarinus Officinalis (Rosemary) Leaf Extract (Rosmarinus Officinalis Leaf Extract).",1,1,1,1,1,essential_energy_eye_definer,shiseido,eye_cream,shiseido_essential_energy_eye_definer,0.0,2.0,399.0,4.0,0.55,Eye Care,76.36,200.0,0.5,"Dimethicone;Glycerin;Sd Alcohol 40-B (Alcohol Denat,);Butylene Glycol;Dipropylene Glycol;Peg-10 Dimethicone;Polymethylsilsesquioxane;Diphenylsiloxy Phenyl Trimethicone;Disteardimonium Hectorite;Trehalose;Titanium Dioxide (Ci 77891);Pentaerythrityl Tetraethylhexanoate;Sodium Chloride;Peg-150;Isostearic Acid;Phenoxyethanol;Mica;Disodium Edta;Tocopheryl Acetate;Sodium Citrate;Fragrance;Alcohol;Trimethylsiloxysilicate;Tin Oxide;Caffeine;Aluminum Hydroxide;Polysilicone-2;Citric Acid;Hydrogen Dimethicone;Hexyl Cinnamal;Iron Oxides (Ci 77491);Tocopherol;Limonene;Linalool;Sodium Metabisulfite;Talc;Citronellol;Angelica Keiskei Leaf/Stem Extract;Sanguisorba Officinalis Root Extract;Crataegus Monogyna Flower Extract;Geraniol;Sodium Acetylated Hyaluronate;Vaccinium Macrocarpon (Cranberry) Seed Oil;Cinnamomum Cassia Bark Extract;Citrus Unshiu Peel Extract;Zingiber Aromaticus Extract;Rubus Idaeus (Raspberry) Fruit Extract;Coix Lacryma-Jobi Ma-Yuen Seed Extract;Helianthus Annuus (Sunflower) Seed Oil;Rosmarinus Officinalis (Rosemary) Leaf Extract (Rosmarinus Officinalis Leaf Extract),",0.0,2.0,399.0,4.0,0.55,Eye Care,76.36,200.0,0.5,eye care,Very Low (0 - 3k)
Eye cream,DIOR,Capture Totale 360 Light-Up Open-Up Replenishing Eye Serum,110,4.1,Visit the Dior boutique,0,0,0,0,0,capture_totale_360_light_up_open_up_replenishing_eye_serum,dior,eye_cream,dior_capture_totale_360_light_up_open_up_replenishing_eye_serum,,,,,,,,,,Visit the Dior boutique,,,,,,,,,,eye care,nan
Eye cream,BEAUTYBIO,Bright Eyes Collagen-Infused Brightening Colloidal Silver Eye Masks,40,5.0,"Water, Glycerin, Colloidal Silver, Propylene Glycol, Betaine, Hamamelis Virginiana Extract, Chondrus Crispus Powder, Mica, Niacinamide, Glucomannan, Xanthan Gum, Aloe Yohjyu Matsu Ekisu, Hydrolyzed Collagen, Phenoxyethanol, Diazolidinyl Urea, Algin, Potassium Chloride, Citric Acid, Potassium Citrate, Sodium Hyaluronate, Pearl Powder, Iodopropynyl Butylcarbamate, Fragrance.",1,1,1,1,1,bright_eyes_collagen_infused_brightening_colloidal_silver_eye_masks,beautybio,eye_cream,beautybio_bright_eyes_collagen_infused_brightening_colloidal_silver_eye_masks,0.0,25.0,2907.0,3.84,,Eye Care,,15.36,0.86,"Glycerin;Colloidal Silver;Propylene Glycol;Betaine;Hamamelis Virginiana Extract;Chondrus Crispus Powder;Mica;Niacinamide;Glucomannan;Xanthan Gum;Aloe Yohjyu Matsu Ekisu;Hydrolyzed Collagen;Phenoxyethanol;Diazolidinyl Urea;Algin;Potassium Chloride;Citric Acid;Potassium Citrate;Sodium Hyaluronate;Pearl Powder;Iodopropynyl Butylcarbamate;Fragrance,",0.0,25.0,2907.0,3.84,,Eye Care,,15.36,0.86,eye care,Very Low (0 - 3k)
Eye cream,PHILOSOPHY,Renewed Hope In A Jar Eye,51,3.7,"Water, Glycerin, Isononyl Isononanoate, Caprylic/Capric Triglyceride, Tribehenin Peg-20 Esters, Polyglyceryl-2 Diisostearate, Cyclopentasiloxane, Propanediol, Cyclohexasiloxane, Phenoxyethanol, Sodium Polyacrylate, Acrylates Crosspolymer, Butylene Glycol, Mica, Acrylates/C10-30 Alkyl Acrylate Crosspolymer, Tocopheryl Acetate, Sorbitol, Titanium Dioxide, Evodia Rutaecarpa Fruit Extract, Ethylhexyl Palmitate, Urea, Glucosamine Hcl, Algae Extract, Ascophyllum Nodosum Extract, Asparagopsis Armata Extract, Saccharomyces Cerevisiae Extract, Adenosine, Sodium Hydroxide, Chrysanthellum Indicum Extract, Faex/Yeast Extract/Extrait De Levure, Silica Dimethyl Silylate, Tin Oxide, Potassium Sorbate, Caprylyl Glycol, Hyaluronic Acid, Silanetriol, Citric Acid, Ethylhexylglycerin, Sodium Hyaluronate, Sorbic Acid, Hexylene Glycol.",0,0,0,0,0,renewed_hope_in_a_jar_eye,philosophy,eye_cream,philosophy_renewed_hope_in_a_jar_eye,0.0,80.0,2981.0,3.725,0.5,Eye Care,102.0,4.66,2.68,"Glycerin;Isononyl Isononanoate;Caprylic/Capric Triglyceride;Tribehenin Peg-20 Esters;Polyglyceryl-2 Diisostearate;Cyclopentasiloxane;Propanediol;Cyclohexasiloxane;Phenoxyethanol;Sodium Polyacrylate;Acrylates Crosspolymer;Butylene Glycol;Mica;Acrylates/C10-30 Alkyl Acrylate Crosspolymer;Tocopheryl Acetate;Sorbitol;Titanium Dioxide;Evodia Rutaecarpa Fruit Extract;Ethylhexyl Palmitate;Urea;Glucosamine Hcl;Algae Extract;Ascophyllum Nodosum Extract;Asparagopsis Armata Extract;Saccharomyces Cerevisiae Extract;Adenosine;Sodium Hydroxide;Chrysanthellum Indicum Extract;Faex/Yeast Extract/Extrait De Levure;Silica Dimethyl Silylate;Tin Oxide;Potassium Sorbate;Caprylyl Glycol;Hyaluronic Acid;Silanetriol;Citric Acid;Ethylhexylglycerin;Sodium Hyaluronate;Sorbic Acid;Hexylene Glycol,",0.0,80.0,2981.0,3.725,0.5,Eye Care,102.0,4.66,2.68,eye care,Very Low (0 - 3k)
Eye cream,KATE SOMERVILLE,Age Arrest Eye Cream,75,3.6,"Water, Isocetyl Stearate, Caprylic/Capric Triglyceride, Glycerin, Glyceryl Stearate, Polymethylsilsesquioxane, Decyl Oleate, Propanediol, Stearic Acid, Dimethicone, Tocopheryl Acetate, Tocopherol, Kappaphycus Alvarezii Extract, Tocotrienols, Hydrolyzed Hyaluronic Acid, Sodium Hydroxide, Ascophyllum Nodosum Extract, Asparagopsis Armata Extract, Adenosine, Chrysanthellum Indicum Extract, Sea Whip Extract, Tripleurospermum Maritimum Extract, Aniba Rosaeodora (Rosewood) Wood Extract, Camellia Sinensis Leaf Extract, Rubus Idaeus (Raspberry) Fruit Extract, Passiflora Incarnata Fruit Extract, Prunus Armeniaca (Apricot) Fruit Extract, Lavandula Angustifolia (Lavender) Flower/Leaf/Stem Extract, Cupressus Sempervirens Seed Extract, Fucus Vesiculosus Extract, Cananga Odorata Flower Extract, Citrus Aurantium Bergamia (Bergamot) Fruit Extract, Coriandrum Sativum (Coriander) Seed Extract, Cucumis Melo Cantalupensis Fruit Extract, Cucumis Sativus (Cucumber) Fruit Extract, Jasminum Officinale (Jasmine) Flower/Leaf Extract, Mentha Piperita (Peppermint) Leaf Extract, Prunus Persica (Peach) Fruit Extract, Pyrus Malus (Apple) Fruit Extract, Rose Extract, Rosmarinus Officinalis (Rosemary) Leaf Extract, Santalum Album (Sandalwood) Wood Extract, Vanilla Planifolia Fruit Extract, Jojoba Esters, Acacia Decurrens/Jojoba/Sunflower Seed Wax Polyglyceryl-3 Esters, Diamond Powder, Elaeis Guineensis (Palm) Oil, Acrylates/C10-30 Alkyl Acrylate Crosspolymer, Butylene Glycol, Sorbitol, Cetyl Alcohol, Ethylhexylglycerin, Myristyl Alcohol, Stearyl Alcohol, Xanthan Gum, Disodium EDTA, Isopropyl Titanium Triisostearate, Potassium Sorbate, Sorbic Acid, Phenoxyethanol, Mica, Titanium Dioxide (CI 77891), Tin Oxide.",0,0,0,0,0,age_arrest_eye_cream,kate_somerville,eye_cream,kate_somerville_age_arrest_eye_cream,0.0,42.0,2591.0,3.6429,0.5,Eye Care,150.0,8.67,1.62,"Isocetyl Stearate;Caprylic/Capric Triglyceride;Glycerin;Glyceryl Stearate;Polymethylsilsesquioxane;Decyl Oleate;Propanediol;Stearic Acid;Dimethicone;Tocopheryl Acetate;Tocopherol;Kappaphycus Alvarezii Extract;Tocotrienols;Hydrolyzed Hyaluronic Acid;Sodium Hydroxide;Ascophyllum Nodosum Extract;Asparagopsis Armata Extract;Adenosine;Chrysanthellum Indicum Extract;Sea Whip Extract;Tripleurospermum Maritimum Extract;Aniba Rosaeodora (Rosewood) Wood Extract;Camellia Sinensis Leaf Extract;Rubus Idaeus (Raspberry) Fruit Extract;Passiflora Incarnata Fruit Extract;Prunus Armeniaca (Apricot) Fruit Extract;Lavandula Angustifolia (Lavender) Flower/Leaf/Stem Extract;Cupressus Sempervirens Seed Extract;Fucus Vesiculosus Extract;Cananga Odorata Flower Extract;Citrus Aurantium Bergamia (Bergamot) Fruit Extract;Coriandrum Sativum (Coriander) Seed Extract;Cucumis Melo Cantalupensis Fruit Extract;Cucumis Sativus (Cucumber) Fruit Extract;Jasminum Officinale (Jasmine) Flower/Leaf Extract;Mentha Piperita (Peppermint) Leaf Extract;Prunus Persica (Peach) Fruit Extract;Pyrus Malus (Apple) Fruit Extract;Rose Extract;Rosmarinus Officinalis (Rosemary) Leaf Extract;Santalum Album (Sandalwood) Wood Extract;Vanilla Planifolia Fruit Extract;Jojoba Esters;Acacia Decurrens/Jojoba/Sunflower Seed Wax Polyglyceryl-3 Esters;Diamond Powder;Elaeis Guineensis (Palm) Oil;Acrylates/C10-30 Alkyl Acrylate Crosspolymer;Butylene Glycol;Sorbitol;Cetyl Alcohol;Ethylhexylglycerin;Myristyl Alcohol;Stearyl Alcohol;Xanthan Gum;Disodium EDTA;Isopropyl Titanium Triisostearate;Potassium Sorbate;Sorbic Acid;Phenoxyethanol;Mica;Titanium Dioxide (CI 77891);Tin Oxide,",0.0,42.0,2591.0,3.6429,0.5,Eye Care,150.0,8.67,1.62,eye care,Very Low (0 - 3k)
Eye cream,CLARINS,Multi-Active Eye,45,3.4,Visit the Clarins boutique,1,1,1,1,1,multi_active_eye,clarins,eye_cream,clarins_multi_active_eye,0.0,17.0,1872.0,3.5294,0.5,Eye Care,92.0,20.76,0.91,Visit the Clarins boutique,0.0,17.0,1872.0,3.5294,0.5,Eye Care,92.0,20.76,0.91,eye care,Very Low (0 - 3k)
Eye cream,SUPERGOOP!,Advanced Anti-Aging Eye Cream Broad Spectrum Sunscreen SPF 37,32,3.8,"Water, Ethylhexyl Stearate, Cyclopentasiloxane, Propanediol, Butylene Glycol, C12-15 Alkyl Benzoate, Potassium Cetyl Phosphate, Adipic Acid/Diethylene Glycol/Glycerin, Crosspolymer Isohexadecane, Cetearyl Alcohol, Glyceryl Stearate, PEG-100 Stearate, Mica, Phenoxyethanol, Hydroxyethyl Acrylate/Sodium Acryloyldimethyl Taurate Copolymer Imperata, Cylindrica Root Extract, Titanium Dioxide, Ceteareth-20, Squalane, Glycerin, Triethoxycaprylylsilane, Xanthan Gum, Helianthus Annuus (Sunflower) Seed Oil, Polysorbate 60, Trisodium Ethylenediamine Disuccinate, Chlorphenesin, Citric Acid, Dimethicone, Dipotassium Glycyrrhizate, Ethylhexylglycerin, Oleth-3 Phosphate, PEG-8, Punica Granatum Seed Oil, Carthamus Tinctorius (Safflower) Seed Oil Avena Sativa (Oat) Peptide, Silica, Camellia Sinensis Leaf Extract, Carbomer, Olea Europaea (Olive) Fruit Extract Euterpe Oleracea Fruit Extract Methylisothiazolinone, Tocotrienols, Lauroyl Lysine.",1,1,1,1,1,advanced_anti_aging_eye_cream_broad_spectrum_sunscreen_spf_37,supergoop!,eye_cream,supergoop!_advanced_anti_aging_eye_cream_broad_spectrum_sunscreen_spf_37,1.0,85.0,8878.0,3.8235,0.5,Eye Care,64.0,4.5,0.96,"Ethylhexyl Stearate;Cyclopentasiloxane;Propanediol;Butylene Glycol;C12-15 Alkyl Benzoate;Potassium Cetyl Phosphate;Adipic Acid/Diethylene Glycol/Glycerin;Crosspolymer Isohexadecane;Cetearyl Alcohol;Glyceryl Stearate;PEG-100 Stearate;Mica;Phenoxyethanol;Hydroxyethyl Acrylate/Sodium Acryloyldimethyl Taurate Copolymer Imperata;Cylindrica Root Extract;Titanium Dioxide;Ceteareth-20;Squalane;Glycerin;Triethoxycaprylylsilane;Xanthan Gum;Helianthus Annuus (Sunflower) Seed Oil;Polysorbate 60;Trisodium Ethylenediamine Disuccinate;Chlorphenesin;Citric Acid;Dimethicone;Dipotassium Glycyrrhizate;Ethylhexylglycerin;Oleth-3 Phosphate;PEG-8;Punica Granatum Seed Oil;Carthamus Tinctorius (Safflower) Seed Oil Avena Sativa (Oat) Peptide;Silica;Camellia Sinensis Leaf Extract;Carbomer;Olea Europaea (Olive) Fruit Extract Euterpe Oleracea Fruit Extract Methylisothiazolinone;Tocotrienols;Lauroyl Lysine,",1.0,85.0,8878.0,3.8235,0.5,Eye Care,64.0,4.5,0.96,eye care,Medium (7k - 13k)
Eye cream,FIRST AID BEAUTY,Hello FAB Kona Eye Stick,24,3.7,"Water, Butylene Glycol, Sodium Stearate, Glycerin, Coffea Arabica (Coffee) Seed Extract, Acetyl Tetrapeptide-5, Sodium Hyaluronate, Cucumis Sativus (Cucumber) Fruit Extract, Glycyrrhiza Glabra (Licorice) Root Extract, Camellia Sinensis Leaf Extract, Chrysanthemum Parthenium (Feverfew) Extract, Aloe Barbadensis Leaf Juice, Ethylhexylglycerin, Mica, Boron Nitride, Sodium Sulfite, Xanthan Gum, Disodium EDTA, Propanediol, Citric Acid, Sodium Benzoate, Potassium Sorbate, Phenoxyethanol, CI 77891 (Titanium Dioxide).",1,1,1,1,1,hello_fab_kona_eye_stick,first_aid_beauty,eye_cream,first_aid_beauty_hello_fab_kona_eye_stick,0.0,87.0,4752.0,3.3333,0.13,Eye Care,184.62,3.83,1.83,"Butylene Glycol;Sodium Stearate;Glycerin;Coffea Arabica (Coffee) Seed Extract;Acetyl Tetrapeptide-5;Sodium Hyaluronate;Cucumis Sativus (Cucumber) Fruit Extract;Glycyrrhiza Glabra (Licorice) Root Extract;Camellia Sinensis Leaf Extract;Chrysanthemum Parthenium (Feverfew) Extract;Aloe Barbadensis Leaf Juice;Ethylhexylglycerin;Mica;Boron Nitride;Sodium Sulfite;Xanthan Gum;Disodium EDTA;Propanediol;Citric Acid;Sodium Benzoate;Potassium Sorbate;Phenoxyethanol;CI 77891 (Titanium Dioxide),",0.0,87.0,4752.0,3.3333,0.13,Eye Care,184.62,3.83,1.83,eye care,Low (3k - 7k)
Eye cream,KIEHL'S SINCE 1851,Powerful-Strength Line-Reducing Eye-Brightening Concentrate,44,3.1,"Propylene Glycol Cyclopentasiloxane Ascorbic Acid Glycerin Cetyl Peg/Ppg-10/1 Dimethicone Dimethicone Crosspolymer Aqua, Water Lauroyl Lysine Acrylates Copolymer Escin Silica Dimethyl Silylate Adenosine N-Hydroxysuccinimide Palmitoyl Oligopeptide Chrysin Palmitoyl Tetrapeptide-7.",1,1,1,1,0,powerful_strength_line_reducing_eye_brightening_concentrate,kiehl's_since_1851,eye_cream,kiehl's_since_1851_powerful_strength_line_reducing_eye_brightening_concentrate,0.0,12.0,2019.0,3.1667,0.5,Eye Care,88.0,26.39,0.59,"Propylene Glycol Cyclopentasiloxane Ascorbic Acid Glycerin Cetyl Peg/Ppg-10/1 Dimethicone Dimethicone Crosspolymer Aqua;Water Lauroyl Lysine Acrylates Copolymer Escin Silica Dimethyl Silylate Adenosine N-Hydroxysuccinimide Palmitoyl Oligopeptide Chrysin Palmitoyl Tetrapeptide-7,",0.0,12.0,2019.0,3.1667,0.5,Eye Care,88.0,26.39,0.59,eye care,Very Low (0 - 3k)
Eye cream,PETER THOMAS ROTH,FIRMx™ 360 Eye Renewal,75,4.0,"-Nutrex EGF -Epidermosil™ -Eye Regener™ -Diamond Powder Water, Glycerin, Adipic Acid/Neopentyl Glycol Crosspolymer, Butylene Glycol, Avena Sativa (Oat) Kernel Extract, rh-Oligopeptide-1, Sodium Hyaluronate, Hyaluronic Acid, Diamond Powder, Medicago Sativa (Alfalfa) Seed Extract, Pfaffia Paniculata Root Extract, Lilium Candidum Flower Extract, Ptychopetalum Olacoides Bark/Stem Extract, Hydrolyzed Lupine Protein, Ethylhexylglycerin, Amodimethicone, Dimethicone, Tapioca Starch, Polymethylsilsesquioxane, Magnesium Aluminum Silicate, Xanthan Gum, Hydrogenated Lecithin, Titanium Dioxide, Disodium EDTA, Silica, Carbomer, Sodium Phosphate, VP/VA Copolymer, PEG-40 Hydrogenated Castor Oil, Sodium Hydroxide, Hydroxypropyl Methylcellulose, Silanetriol, Citric Acid, Chlorphenesin, Sorbic Acid, Sodium Benzoate, Caprylyl Glycol, Potassium Sorbate, Pentylene Glycol, Phenoxyethanol, Mica, Iron Oxides (CI 77491).",1,1,1,1,0,firmx_360_eye_renewal,peter_thomas_roth,eye_cream,peter_thomas_roth_firmx_360_eye_renewal,,,,,,,,,,"-Nutrex EGF -Epidermosil™ -Eye Regener™ -Diamond Powder Water;Glycerin;Adipic Acid/Neopentyl Glycol Crosspolymer;Butylene Glycol;Avena Sativa (Oat) Kernel Extract;rh-Oligopeptide-1;Sodium Hyaluronate;Hyaluronic Acid;Diamond Powder;Medicago Sativa (Alfalfa) Seed Extract;Pfaffia Paniculata Root Extract;Lilium Candidum Flower Extract;Ptychopetalum Olacoides Bark/Stem Extract;Hydrolyzed Lupine Protein;Ethylhexylglycerin;Amodimethicone;Dimethicone;Tapioca Starch;Polymethylsilsesquioxane;Magnesium Aluminum Silicate;Xanthan Gum;Hydrogenated Lecithin;Titanium Dioxide;Disodium EDTA;Silica;Carbomer;Sodium Phosphate;VP/VA Copolymer;PEG-40 Hydrogenated Castor Oil;Sodium Hydroxide;Hydroxypropyl Methylcellulose;Silanetriol;Citric Acid;Chlorphenesin;Sorbic Acid;Sodium Benzoate;Caprylyl Glycol;Potassium Sorbate;Pentylene Glycol;Phenoxyethanol;Mica;Iron Oxides (CI 77491),",0.0,2.0,314.0,2.5,0.5,,150.0,125.0,0.64,eye care,nan
Eye cream,DR. JART+,Water Fuse Hydro Soothe Eye Gel,42,3.7,"Water, Propanediol, PEG-8, Dipropylene Glycol, Niacinamide, Glycereth-26, 1,2-Hexanediol, Alcohol Denat., Glycerin, Trehalose, Ammonium Acryloyldimethyltaurate/VP Copolymer, Sodium Acrylates Crosspolymer-2, Sodium Carbomer, Sodium Polyacrylate Starch, PEG-60 Hydrogenated Castor Oil, Hydroxyacetophenone, Dimethicone, PEG-2M, Hydrogenated Lecithin, Menthoxypropanediol, Sucrose Distearate, Adenosine, Alcohol, Butylene Glycol, Disodium EDTA, Malachite Extract, Phenoxyethanol, Melia Azadirachta Leaf Extract, Melia Azadirachta Flower Extract, Silica, Magnesium aspartate, Zinc Gluconate, Coptis Japonica Root Extract, Citrus Grandis (Grapefruit) Peel Oil, Amino Esters-1, Sodium Hyaluronate, Heptane, Coccinia Indica Fruit Extract, Solanum Melongena (Eggplant) Fruit Extract, Aloe Barbadensis Flower Extract, Copper gluconate, Citrus Aurantium Dulcis (Orange) Peel Oil, Onsen-Sui, Simmondsia Chinensis (Jojoba) Seed Oil, Lawsonia Inermis (Henna) Extract, Ethylhexylglycerin, Corallina Officinalis Extract, Curcuma Longa (Turmeric) Root Extract, Ocimum Sanctum Leaf Extract, Pelargonium Graveolens Flower Oil, Boswellia Carterii Oil, Citrus Paradisi (Grapefruit) Peel Oil, Amyris Balsamifera Bark Oil, Maltodextrin, Hydrolyzed Vegetable Protein, Sodium Glycerophosphate, Carbomer, Sodium Lactate, Potassium Magnesium Aspartate, Polysorbate 20, Calcium Gluconate, Magnesium Gluconate, Caprylyl Glycol, Aloe Barbadensis Leaf Extract, Cinchona Succirubra Bark Extract, Psidium Guajava Leaf Extract, Abronia Villosa Leaf Extract, Rhodiola Rosea Root Extract, Palmitoyl Oligopeptide, Palmitoyl Tetrapeptide-7, Hydrolyzed Hyaluronic Acid.",1,1,1,1,1,water_fuse_hydro_soothe_eye_gel,dr._jart,eye_cream,dr._jart_water_fuse_hydro_soothe_eye_gel,0.0,49.0,6325.0,3.6122,0.7,Eye Care,60.0,7.37,0.77,"Propanediol;PEG-8;Dipropylene Glycol;Niacinamide;Glycereth-26;1,2-Hexanediol;Alcohol Denat,;Glycerin;Trehalose;Ammonium Acryloyldimethyltaurate/VP Copolymer;Sodium Acrylates Crosspolymer-2;Sodium Carbomer;Sodium Polyacrylate Starch;PEG-60 Hydrogenated Castor Oil;Hydroxyacetophenone;Dimethicone;PEG-2M;Hydrogenated Lecithin;Menthoxypropanediol;Sucrose Distearate;Adenosine;Alcohol;Butylene Glycol;Disodium EDTA;Malachite Extract;Phenoxyethanol;Melia Azadirachta Leaf Extract;Melia Azadirachta Flower Extract;Silica;Magnesium aspartate;Zinc Gluconate;Coptis Japonica Root Extract;Citrus Grandis (Grapefruit) Peel Oil;Amino Esters-1;Sodium Hyaluronate;Heptane;Coccinia Indica Fruit Extract;Solanum Melongena (Eggplant) Fruit Extract;Aloe Barbadensis Flower Extract;Copper gluconate;Citrus Aurantium Dulcis (Orange) Peel Oil;Onsen-Sui;Simmondsia Chinensis (Jojoba) Seed Oil;Lawsonia Inermis (Henna) Extract;Ethylhexylglycerin;Corallina Officinalis Extract;Curcuma Longa (Turmeric) Root Extract;Ocimum Sanctum Leaf Extract;Pelargonium Graveolens Flower Oil;Boswellia Carterii Oil;Citrus Paradisi (Grapefruit) Peel Oil;Amyris Balsamifera Bark Oil;Maltodextrin;Hydrolyzed Vegetable Protein;Sodium Glycerophosphate;Carbomer;Sodium Lactate;Potassium Magnesium Aspartate;Polysorbate 20;Calcium Gluconate;Magnesium Gluconate;Caprylyl Glycol;Aloe Barbadensis Leaf Extract;Cinchona Succirubra Bark Extract;Psidium Guajava Leaf Extract;Abronia Villosa Leaf Extract;Rhodiola Rosea Root Extract;Palmitoyl Oligopeptide;Palmitoyl Tetrapeptide-7;Hydrolyzed Hyaluronic Acid,",0.0,49.0,6325.0,3.6122,0.7,Eye Care,60.0,7.37,0.77,eye care,Low (3k - 7k)
Eye cream,TATA HARPER,Illuminating Eye Crème,105,3.0,"Aloe Barbadensis Leaf Juice, Shea Butter Ethyl Esters, Aqua/Water/Eau, Lavendula Angustifolia (Lavender) Flower Water, Propanediol, Caprylic/Capric Triglyceride, Olea Europea (Olive) Oil, Carthamus Tinctorius (Safflower) Oleosomes, Cetearyl Alcohol, Mica, Mangifera Indica (Mango) Seed Butter, Glycerin, Cetearyl Olivate, Centella Asiatica (Gotu Kola) Extract, Leuconostoc Ferment Filtrate, Silybum Marianum (Milk Thistle) Ethyl Ester, Beta Vulgaris/ Beet Root Extract/ Extrait De Racine De Betterave, Euphrasia Officinalis (Eyebright) Extract, Diamond Powder, Hyaluronic Acid, Sodium Hyaluronate, Polygonum Fagopyrum (Buckwheat) Seed Extract, Pheonix Dactylifera (Date) Seed Extract, Lavandula Stoechas (Spanish Lavender) Extract, Leuconostoc/ Radish Root Ferment Filtrate, Narcissus Tazetta (Daffodil) Bulb Extract, Borago Officinalis (Borage) Leaf Extract, Calendula Officinalis (Calendula) Flower Extract, Medicago Sativa (Alfalfa) Extract, Spiraea Ulmaria Flower Extract, Sabucus Nigra Fruit Extract, Lactobacillus/ Arundinaria Gigantea Ferment Filtrate, Oryza Sativa (Rice) Extract, Arnica Montana (Arnica) Extract, Menyanthes Trifoliata (Buckbean) Flower Extract, Cetearyl Glucoside, Sorbitan Olivate, Sclerotium Gum, Hydrolyzed Corn Starch, Cetyl Palmitate, Sorbitan Palmitate, Hydrogenated Vegetable Oil, Sodium Phytate, Superoxide Dismutase, Soybean Peroxidase, Iron Oxides, Aroma, Citral, Citronellol, Eugenol, Geraniol, Limonene, Linalool.",1,1,1,1,1,illuminating_eye_crème,tata_harper,eye_cream,tata_harper_illuminating_eye_crème,,,,,,,,,,"Aloe Barbadensis Leaf Juice;Shea Butter Ethyl Esters;Aqua/Water/Eau;Lavendula Angustifolia (Lavender) Flower Water;Propanediol;Caprylic/Capric Triglyceride;Olea Europea (Olive) Oil;Carthamus Tinctorius (Safflower) Oleosomes;Cetearyl Alcohol;Mica;Mangifera Indica (Mango) Seed Butter;Glycerin;Cetearyl Olivate;Centella Asiatica (Gotu Kola) Extract;Leuconostoc Ferment Filtrate;Silybum Marianum (Milk Thistle) Ethyl Ester;Beta Vulgaris/ Beet Root Extract/ Extrait De Racine De Betterave;Euphrasia Officinalis (Eyebright) Extract;Diamond Powder;Hyaluronic Acid;Sodium Hyaluronate;Polygonum Fagopyrum (Buckwheat) Seed Extract;Pheonix Dactylifera (Date) Seed Extract;Lavandula Stoechas (Spanish Lavender) Extract;Leuconostoc/ Radish Root Ferment Filtrate;Narcissus Tazetta (Daffodil) Bulb Extract;Borago Officinalis (Borage) Leaf Extract;Calendula Officinalis (Calendula) Flower Extract;Medicago Sativa (Alfalfa) Extract;Spiraea Ulmaria Flower Extract;Sabucus Nigra Fruit Extract;Lactobacillus/ Arundinaria Gigantea Ferment Filtrate;Oryza Sativa (Rice) Extract;Arnica Montana (Arnica) Extract;Menyanthes Trifoliata (Buckbean) Flower Extract;Cetearyl Glucoside;Sorbitan Olivate;Sclerotium Gum;Hydrolyzed Corn Starch;Cetyl Palmitate;Sorbitan Palmitate;Hydrogenated Vegetable Oil;Sodium Phytate;Superoxide Dismutase;Soybean Peroxidase;Iron Oxides;Aroma;Citral;Citronellol;Eugenol;Geraniol;Limonene;Linalool,",1.0,39.0,2317.0,3.0513,0.5,,210.0,7.82,1.68,eye care,nan
Eye cream,SK-II,Ultimate Revival Eye Cream,195,3.0,"Water, Galactomyces Ferment Filtrate*, Glycerin, Niacinamide, Isopropyl Isostearate, Isohexadecane, Butylene Glycol, Caprylic/Capric Triglyceride, Pentylene Glycol, Dimethicone, Stearyl Alcohol, Inositol, Petrolatum, Polyacrylamide, Cetyl Alcohol, Vinyl Dimethicone/Methicone Silsesquioxane Crosspolymer, Behenyl Alcohol, C13-14 Isoparaffin, Panthenol, Tocopheryl Acetate, Titanium Dioxide, Benzyl Alcohol, Polymethylsilsesquioxane, Dimethiconol, Methylparaben, Cetearyl Alcohol, Cetearyl Glucoside, Laureth-7, PEG-100 Stearate, Stearic Acid, Xanthan Gum, Disodium EDTA, Crithmum Maritimum Extract, Propylparaben, Ethylparaben, Palmaria Palmata Extract, Oryza Sativa (Rice) Bran Extract, Peg-7 Glyceryl Cocoate, Sodium Hydroxide, Fragrance, Polyquaternium-7, Litchi Chinensis Pericarp Extract, Saccharomyces Cerevisiae Extract, Palmitoyl Dipeptide-7, Methylsilanol Tri-PEG-8 Glyceryl Cocoate, Methicone, Hexapeptide-3, Ci 77492. *Pitera.",0,1,1,0,1,ultimate_revival_eye_cream,sk_ii,eye_cream,sk_ii_ultimate_revival_eye_cream,0.0,5.0,772.0,2.8,0.52,Eye Care,375.0,56.0,0.65,"Galactomyces Ferment Filtrate*;Glycerin;Niacinamide;Isopropyl Isostearate;Isohexadecane;Butylene Glycol;Caprylic/Capric Triglyceride;Pentylene Glycol;Dimethicone;Stearyl Alcohol;Inositol;Petrolatum;Polyacrylamide;Cetyl Alcohol;Vinyl Dimethicone/Methicone Silsesquioxane Crosspolymer;Behenyl Alcohol;C13-14 Isoparaffin;Panthenol;Tocopheryl Acetate;Titanium Dioxide;Benzyl Alcohol;Polymethylsilsesquioxane;Dimethiconol;Methylparaben;Cetearyl Alcohol;Cetearyl Glucoside;Laureth-7;PEG-100 Stearate;Stearic Acid;Xanthan Gum;Disodium EDTA;Crithmum Maritimum Extract;Propylparaben;Ethylparaben;Palmaria Palmata Extract;Oryza Sativa (Rice) Bran Extract;Peg-7 Glyceryl Cocoate;Sodium Hydroxide;Fragrance;Polyquaternium-7;Litchi Chinensis Pericarp Extract;Saccharomyces Cerevisiae Extract;Palmitoyl Dipeptide-7;Methylsilanol Tri-PEG-8 Glyceryl Cocoate;Methicone;Hexapeptide-3;Ci 77492, *Pitera,",0.0,5.0,772.0,2.8,0.52,Eye Care,375.0,56.0,0.65,eye care,Very Low (0 - 3k)
Eye cream,ALGENIST,Dark Circle Corrector Set,75,4.3,"Water, Dodecane, Hexyl Laurate, Triethylhexanoin, Steareth-2, Mannitol, Steareth-21, Butylene Glycol, Glyceryl Stearate, Glycerin, Sorbitan Sesquioleate, Chlorella Protothecoides Oil, Algae Exopolysaccharides, Pongamia Glabra Seed Oil, Dunaliella Salina Extract, Haematococcus Pluvialis Extract, Halidrys Siliquosa Extract, Chondrus Crispus Extract, Aphanizomenon Flos-Aquae Extract, Algae Extract, Phaeodactylum Tricornutum Extract, Lysine, Olea Europaea (Olive) Fruit Oil, Tocopheryl Acetate, Evodia Rutaecarpa Fruit Extract, Magnesium Chloride, Hydrogenated Starch Hydrolysate, Cellulose, Dimethicone, Carbomer, Hydrogenated Lecithin, Polymethyl Methacrylate, Sodium Hydroxide, BHT, Disodium EDTA, Propanediol, Arginine PCA, Hydroxypropyl Methylcellulose, Citric Acid, Aluminum Hydroxide, Zinc Chloride, Galactoarabinan, Potassium Chloride, Sodium Chloride, Sodium Benzoate, Potassium Sorbate, Dehydroacetic Acid, Benzyl Alcohol, Phenoxyethanol, Beta-Carotene (CI 40800), Iron Oxides (CI 77491, CI 77492, CI 77499), Titanium Dioxide (CI 77891).",1,1,1,1,1,dark_circle_corrector_set,algenist,eye_cream,algenist_dark_circle_corrector_set,,,,,,,,,,"Dodecane;Hexyl Laurate;Triethylhexanoin;Steareth-2;Mannitol;Steareth-21;Butylene Glycol;Glyceryl Stearate;Glycerin;Sorbitan Sesquioleate;Chlorella Protothecoides Oil;Algae Exopolysaccharides;Pongamia Glabra Seed Oil;Dunaliella Salina Extract;Haematococcus Pluvialis Extract;Halidrys Siliquosa Extract;Chondrus Crispus Extract;Aphanizomenon Flos-Aquae Extract;Algae Extract;Phaeodactylum Tricornutum Extract;Lysine;Olea Europaea (Olive) Fruit Oil;Tocopheryl Acetate;Evodia Rutaecarpa Fruit Extract;Magnesium Chloride;Hydrogenated Starch Hydrolysate;Cellulose;Dimethicone;Carbomer;Hydrogenated Lecithin;Polymethyl Methacrylate;Sodium Hydroxide;BHT;Disodium EDTA;Propanediol;Arginine PCA;Hydroxypropyl Methylcellulose;Citric Acid;Aluminum Hydroxide;Zinc Chloride;Galactoarabinan;Potassium Chloride;Sodium Chloride;Sodium Benzoate;Potassium Sorbate;Dehydroacetic Acid;Benzyl Alcohol;Phenoxyethanol;Beta-Carotene (CI 40800);Iron Oxides (CI 77491;CI 77492;CI 77499);Titanium Dioxide (CI 77891),",,,,,,,,,,eye care,nan
Eye cream,KIEHL'S SINCE 1851,Clearly Corrective™ Dark Circle Perfector,38,3.6,"Water, Cyclopentasiloxane, Isododecane, Dimethicone, Glycerin, Nylon-12, Peg-9 Polydimethylsiloxyethyl Dimethicone, Butylene Glycol, Cyclohexasiloxane, Silica, Dimethicone Crosspolymer, Disteardimonium Hectorite, 3-O-Ethyl Ascorbic Acid, Zinc Pca, Peg-10 Dimethicone, Cetyl Peg/Ppg-10/1 Dimethicone, Phenoxyethanol, Sodium Chloride, Polyglyceryl-4 Isostearate, Caprylyl Glycol, Ethylhexylglycerin, Chlorphenesin, Disodium Stearoyl Glutamate, Caffeine, Peg-9, Glycyrrhiza Glabra (Licorice) Root Extract, Aluminum Hydroxide, May Contain, Titanium Dioxide, Iron Oxides, Mica.",1,1,1,1,1,clearly_corrective_dark_circle_perfector,kiehl's_since_1851,eye_cream,kiehl's_since_1851_clearly_corrective_dark_circle_perfector,,,,,,,,,,"Cyclopentasiloxane;Isododecane;Dimethicone;Glycerin;Nylon-12;Peg-9 Polydimethylsiloxyethyl Dimethicone;Butylene Glycol;Cyclohexasiloxane;Silica;Dimethicone Crosspolymer;Disteardimonium Hectorite;3-O-Ethyl Ascorbic Acid;Zinc Pca;Peg-10 Dimethicone;Cetyl Peg/Ppg-10/1 Dimethicone;Phenoxyethanol;Sodium Chloride;Polyglyceryl-4 Isostearate;Caprylyl Glycol;Ethylhexylglycerin;Chlorphenesin;Disodium Stearoyl Glutamate;Caffeine;Peg-9;Glycyrrhiza Glabra (Licorice) Root Extract;Aluminum Hydroxide;May Contain;Titanium Dioxide;Iron Oxides;Mica,",,,,,,,,,,eye care,nan
Eye cream,ORIGINS,Dr. Weil For Origins™ Mega-Mushroom Skin Relief Eye Serum,50,4.0,"Water, Dimethicone, Butylene Glycol, Polysorbate 40, Peg-100 Stearate, Cetyl Ricinoleate, Trisiloxane, Silica, Caprylic/Capric Triglyceride, Myristyl Alcohol, Olea Europaea (Olive) Fruit Oil*, Helianthus Annuus (Sunflower) Seed Oil*, Hippophae Rhamnoides Extract*, Citrus Grandis (Grapefruit) Peel Extract, Zingiber Officinale (Ginger) Root Extract*, Prunus Amygdalus Dulcis (Sweet Almond) Seed Extract, Curcuma Longa (Turmeric) Root Extract*, Ganoderma Lucidum (Mushroom) Extract, Rosmarinus Officinalis (Rosemary) Leaf Extract, Silybum Marianum (Lady'S Thistle) Extract, Helianthus Annuus (Sunflower) Seed Extract, Aesculus Hippocastanum (Horse Chestnut) Bark Extract, Ocimum Sanctum Leaf Extract, Silybum Marianum Fruit Extract, Fuscoporia Obliqua Extract, Perilla Ocymoides Seed Extract, Cordyceps Sinensis Extract, Jojoba Wax Peg-120 Esters, Aminopropyl Ascorbyl Phosphate, Phytosphingosine, Yeast Extract/Faex/Extrait De Levure, Ethylhexylglycerin, Caprylyl Glycol, Tribehenin, Glycerin, Sodium Hyaluronate, Dextrin, Tromethamine, Sorbic Acid, Carbomer, Cellulose, Chlorphenesin, Phenoxyethanol *Organic Olive Oil, Organic Sunflower Oil, Organic Sea Buckthorn Extract, Organic Ginger Extract, Organic Turmeric Extract Please be aware that ingredient lists may change or vary from time to time.� Please refer to the ingredient list on the product package you receive for the most up to date list of ingredients.",0,0,0,0,0,dr._weil_for_origins_mega_mushroom_skin_relief_eye_serum,origins,eye_cream,origins_dr._weil_for_origins_mega_mushroom_skin_relief_eye_serum,,,,,,,,,,"Dimethicone;Butylene Glycol;Polysorbate 40;Peg-100 Stearate;Cetyl Ricinoleate;Trisiloxane;Silica;Caprylic/Capric Triglyceride;Myristyl Alcohol;Olea Europaea (Olive) Fruit Oil*;Helianthus Annuus (Sunflower) Seed Oil*;Hippophae Rhamnoides Extract*;Citrus Grandis (Grapefruit) Peel Extract;Zingiber Officinale (Ginger) Root Extract*;Prunus Amygdalus Dulcis (Sweet Almond) Seed Extract;Curcuma Longa (Turmeric) Root Extract*;Ganoderma Lucidum (Mushroom) Extract;Rosmarinus Officinalis (Rosemary) Leaf Extract;Silybum Marianum (Lady'S Thistle) Extract;Helianthus Annuus (Sunflower) Seed Extract;Aesculus Hippocastanum (Horse Chestnut) Bark Extract;Ocimum Sanctum Leaf Extract;Silybum Marianum Fruit Extract;Fuscoporia Obliqua Extract;Perilla Ocymoides Seed Extract;Cordyceps Sinensis Extract;Jojoba Wax Peg-120 Esters;Aminopropyl Ascorbyl Phosphate;Phytosphingosine;Yeast Extract/Faex/Extrait De Levure;Ethylhexylglycerin;Caprylyl Glycol;Tribehenin;Glycerin;Sodium Hyaluronate;Dextrin;Tromethamine;Sorbic Acid;Carbomer;Cellulose;Chlorphenesin;Phenoxyethanol *Organic Olive Oil;Organic Sunflower Oil;Organic Sea Buckthorn Extract;Organic Ginger Extract;Organic Turmeric Extract Please be aware that ingredient lists may change or vary from time to time,� Please refer to the ingredient list on the product package you receive for the most up to date list of ingredients,",1.0,11.0,2261.0,4.0,0.5,,100.0,36.36,0.49,eye care,nan
Eye cream,PERRICONE MD,PRE:EMPT SERIES™ Brightening Eye Cream,55,3.6,"Water, Caprylic/Capric Triglyceride, Cetyl Alcohol, Hexylene Glycol, Stearyl Alcohol, Glycerin, Polysorbate 20, Dimethyl MEA, Tetrahexyldecyl Ascorbate, Butyrospermum Parkii (Shea) Butter, Tetrahydrobisdemethoxydiferuloylmethane, Persea Gratissima (Avocado) Oil, Sodium Hyaluronate, Caffeine, Olea Europaea (Olive) Leaf Extract, Lepidium Sativum Sprout Extract, Tetrahydrodiferuloylmethane, Tetrahydrodemethoxydiferuloylmethane, Epigallocatechin Gallatyl Glucoside, N-Hydroxysuccinimide, Acetyl Tyrosine, Lecithin, Carbomer, Citric Acid, Glyceryl Stearate, PEG-100 Stearate, PEG-12 Glyceryl Dimyristate, Caprylyl Glycol, Steareth-20, Phenoxyethanol, Iron Oxides (CI 77491), Silica, Titanium Dioxide (CI 77891).",1,1,1,1,1,pre:empt_series_brightening_eye_cream,perricone_md,eye_cream,perricone_md_pre:empt_series_brightening_eye_cream,,,,,,,,,,"Caprylic/Capric Triglyceride;Cetyl Alcohol;Hexylene Glycol;Stearyl Alcohol;Glycerin;Polysorbate 20;Dimethyl MEA;Tetrahexyldecyl Ascorbate;Butyrospermum Parkii (Shea) Butter;Tetrahydrobisdemethoxydiferuloylmethane;Persea Gratissima (Avocado) Oil;Sodium Hyaluronate;Caffeine;Olea Europaea (Olive) Leaf Extract;Lepidium Sativum Sprout Extract;Tetrahydrodiferuloylmethane;Tetrahydrodemethoxydiferuloylmethane;Epigallocatechin Gallatyl Glucoside;N-Hydroxysuccinimide;Acetyl Tyrosine;Lecithin;Carbomer;Citric Acid;Glyceryl Stearate;PEG-100 Stearate;PEG-12 Glyceryl Dimyristate;Caprylyl Glycol;Steareth-20;Phenoxyethanol;Iron Oxides (CI 77491);Silica;Titanium Dioxide (CI 77891),",0.0,65.0,4172.0,3.4769,0.5,,110.0,5.35,1.56,eye care,nan
Eye cream,SKIN INC SUPPLEMENT BAR,Vitamin A Serum EVEN TONE & REDUCE DARK CIRCLES,35,3.5,"Water, Butylene Glycol, Glycerin, Pentylene Glycol, Potassium Hydroxide, Carbomer, Polysorbate 80, Phenoxyethanol, Retinyl Palmitate, Corn (Zea Mays) Oil, Alcaligenes Polysaccharides, Titanium Dioxide, Iron Oxides, Algin, BHT.",1,1,1,0,1,vitamin_a_serum_even_tone_reduce_dark_circles,skin_inc_supplement_bar,eye_cream,skin_inc_supplement_bar_vitamin_a_serum_even_tone_reduce_dark_circles,0.0,21.0,5254.0,3.5238,0.34,Eye Care,102.94,16.78,0.4,"Butylene Glycol;Glycerin;Pentylene Glycol;Potassium Hydroxide;Carbomer;Polysorbate 80;Phenoxyethanol;Retinyl Palmitate;Corn (Zea Mays) Oil;Alcaligenes Polysaccharides;Titanium Dioxide;Iron Oxides;Algin;BHT,",0.0,21.0,5254.0,3.5238,0.34,Eye Care,102.94,16.78,0.4,eye care,Low (3k - 7k)
Eye cream,BAREMINERALS,BRILLIANT FUTURE™ Age Defense & Renew Eye Cream,38,3.5,Visit the bareMinerals boutique,1,1,1,1,0,brilliant_future_age_defense_renew_eye_cream,bareminerals,eye_cream,bareminerals_brilliant_future_age_defense_renew_eye_cream,,,,,,,,,,Visit the bareMinerals boutique,0.0,12.0,3104.0,4.25,1.0,,55.0,35.42,0.39,eye care,nan
Eye cream,GUERLAIN,Orchidée Impériale Eye Serum,230,5.0,Visit the Guerlain boutique,0,0,0,0,0,orchidée_impériale_eye_serum,guerlain,eye_cream,guerlain_orchidée_impériale_eye_serum,,,,,,,,,,Visit the Guerlain boutique,0.0,3.0,1024.0,5.0,0.5,,460.0,166.67,0.29,eye care,nan
Eye cream,PHILOSOPHY,Time In A Bottle For Eyes 100% In-Control,65,3.9,"Water, Propanediol, Bis-Peg-18 Methyl Ether Dimethyl Silane, Glycerin, Methyl Methacrylate Crosspolymer, Benzophenone-4, Polyethylene, Hydroxyethyl Acrylate/Sodium Acryloyldimethyl Taurate Copolymer, Squalane, Ptfe, Xanthan Gum, Phenoxyethanol, 3-O-Ethyl Ascorbic Acid, Propylene Glycol, Sodium Citrate, Bifida Ferment Lysate, Citric Acid, Caffeine, Caprylyl Glycol, 1,2-Hexanediol, Sodium Hydroxide, Polysorbate 60, Plantago Lanceolata Leaf Extract, Carnosine, Oryza Sativa (Rice) Extract, Caprylic/Capric Triglyceride, Disodium Edta, Adenosine, Ginkgo Biloba Leaf Extract, Physalis Pubescens Fruit Juice, Peg-8, Lecithin, Alcohol, Aesculus Hippocastanum (Horse Chestnut) Seed Extract, Glucose, Tocopherol, Acrylates/C10-30 Alkyl Acrylate Crosspolymer, Lactic Acid, Silica, Hydrolyzed Soy Flour, Sodium Carbonate, Sodium Phosphate, Saccharomyces/Grape Ferment Extract, Bht, Sodium Chloride, Ascorbyl Palmitate, Potassium Sorbate, Sodium Benzoate, Bacillus Ferment, Camellia Sinensis Leaf Extract, Coffea Arabica (Coffee) Seed Extract, Pongamia Pinnata Seed Extract, Punica Granatum Fruit Extract, Angelica Archangelica Root Extract, Citrus Aurantium Amara (Bitter Orange) Peel Extract, Hydrolyzed Vegetable Protein, Maltodextrin, Trisodium Edta, Acetic Acid, Magnesium Aluminum Silicate, Potassium Chloride, Potassium Phosphate, Ascorbic Acid, Sclerotium Gum, Plankton Extract, Micrococcus Lysate, Sorbic Acid, Retinyl Palmitate, Titanium Dioxide (Ci 77891), Mica, Fd & C Red 40 (Ci 16035).",1,1,1,1,1,time_in_a_bottle_for_eyes_100_in_control,philosophy,eye_cream,philosophy_time_in_a_bottle_for_eyes_100_in_control,0.0,9.0,2077.0,3.5556,0.5,Eye Care,130.0,39.51,0.43,"Propanediol;Bis-Peg-18 Methyl Ether Dimethyl Silane;Glycerin;Methyl Methacrylate Crosspolymer;Benzophenone-4;Polyethylene;Hydroxyethyl Acrylate/Sodium Acryloyldimethyl Taurate Copolymer;Squalane;Ptfe;Xanthan Gum;Phenoxyethanol;3-O-Ethyl Ascorbic Acid;Propylene Glycol;Sodium Citrate;Bifida Ferment Lysate;Citric Acid;Caffeine;Caprylyl Glycol;1,2-Hexanediol;Sodium Hydroxide;Polysorbate 60;Plantago Lanceolata Leaf Extract;Carnosine;Oryza Sativa (Rice) Extract;Caprylic/Capric Triglyceride;Disodium Edta;Adenosine;Ginkgo Biloba Leaf Extract;Physalis Pubescens Fruit Juice;Peg-8;Lecithin;Alcohol;Aesculus Hippocastanum (Horse Chestnut) Seed Extract;Glucose;Tocopherol;Acrylates/C10-30 Alkyl Acrylate Crosspolymer;Lactic Acid;Silica;Hydrolyzed Soy Flour;Sodium Carbonate;Sodium Phosphate;Saccharomyces/Grape Ferment Extract;Bht;Sodium Chloride;Ascorbyl Palmitate;Potassium Sorbate;Sodium Benzoate;Bacillus Ferment;Camellia Sinensis Leaf Extract;Coffea Arabica (Coffee) Seed Extract;Pongamia Pinnata Seed Extract;Punica Granatum Fruit Extract;Angelica Archangelica Root Extract;Citrus Aurantium Amara (Bitter Orange) Peel Extract;Hydrolyzed Vegetable Protein;Maltodextrin;Trisodium Edta;Acetic Acid;Magnesium Aluminum Silicate;Potassium Chloride;Potassium Phosphate;Ascorbic Acid;Sclerotium Gum;Plankton Extract;Micrococcus Lysate;Sorbic Acid;Retinyl Palmitate;Titanium Dioxide (Ci 77891);Mica;Fd & C Red 40 (Ci 16035),",0.0,9.0,2077.0,3.5556,0.5,Eye Care,130.0,39.51,0.43,eye care,Very Low (0 - 3k)
Eye cream,KLORANE,Smoothing and Relaxing Patches with Soothing Cornflower,24,4.0,"Water, Glycerin, Sodium Polyacrylate, Sorbitol, Cellulose Gum, Butylene Glycol, Mineral Oil (Paraffinum Liquidum), Alcohol, Arnica Chamissonis Flower Extract, Blue 1 (CI 42090), Carbomer, Centaurea Cyanus Flower Extract, Chamomilla Recutita (Matricaria) Flower Extract, Methylparaben, Polysorbate 80, Polyvinyl Alcohol, Propylene Glycol, Polyparaben, Ricinus Communis (Castor) Seed Oil, Tetrasodium EDTA, Titanium Dioxide.",0,0,0,0,0,smoothing_and_relaxing_patches_with_soothing_cornflower,klorane,eye_cream,klorane_smoothing_and_relaxing_patches_with_soothing_cornflower,0.0,117.0,4972.0,3.9402,,Eye Care,,3.37,2.35,"Glycerin;Sodium Polyacrylate;Sorbitol;Cellulose Gum;Butylene Glycol;Mineral Oil (Paraffinum Liquidum);Alcohol;Arnica Chamissonis Flower Extract;Blue 1 (CI 42090);Carbomer;Centaurea Cyanus Flower Extract;Chamomilla Recutita (Matricaria) Flower Extract;Methylparaben;Polysorbate 80;Polyvinyl Alcohol;Propylene Glycol;Polyparaben;Ricinus Communis (Castor) Seed Oil;Tetrasodium EDTA;Titanium Dioxide,",0.0,117.0,4972.0,3.9402,,Eye Care,,3.37,2.35,eye care,Low (3k - 7k)
Eye cream,DR. BRANDT SKINCARE,Do Not Age with Dr. Brandt Triple Peptide Eye Cream,82,4.2,"Water, Shea Butter, Lecithin, Methylsilanol Hydroxyproline Aspartate, Cyclopentasiloxane, Cetyl Palmitate, Siloxanetriol Alginate, C12-16 Alcohols, Glycerin, Cetyl Alcohol, Cetyl Lactate, Octyldodecyl Stearate, Glyceryl Stearate Citrate, Acetyl Hexapeptide-8, Jojoba Seed Oil, Dimethicone, Bis-Hydroxyethoxypropyl Dimethicone, Palmitic Acid, Butylene Glycol, Phenoxyethanol, Polyglyceryl-3-Stearate, Propylene Glycol, Betaine, Tocopheryl Acetate, Acetyl Citrull Amido Arginine, Palmitoyl Oligopeptide, Camellia Oleifera Leaf Extract, Lavender Oil, Xanthan Gum, Glyceryl Polymethacrylate, Caffeine, Sodium Acrylates Copolymer, Tetrasodium Edta, Bht, Ascorbic Acid Polypeptide, Retinyl Palmitate, Sodium Pca, Hydrogenated Polyisobutene, Phospholipids, Ethylhexylglycerin, Disodium Edta, Ceramide 3, Polyglyceryl-10 Stearate, Sunflower Seed Oil, Grape Fruit Extract, Sorbic Acid.",1,1,1,1,0,do_not_age_with_dr._brandt_triple_peptide_eye_cream,dr._brandt_skincare,eye_cream,dr._brandt_skincare_do_not_age_with_dr._brandt_triple_peptide_eye_cream,0.0,117.0,7073.0,4.2393,0.5,Eye Care,164.0,3.62,1.65,"Shea Butter;Lecithin;Methylsilanol Hydroxyproline Aspartate;Cyclopentasiloxane;Cetyl Palmitate;Siloxanetriol Alginate;C12-16 Alcohols;Glycerin;Cetyl Alcohol;Cetyl Lactate;Octyldodecyl Stearate;Glyceryl Stearate Citrate;Acetyl Hexapeptide-8;Jojoba Seed Oil;Dimethicone;Bis-Hydroxyethoxypropyl Dimethicone;Palmitic Acid;Butylene Glycol;Phenoxyethanol;Polyglyceryl-3-Stearate;Propylene Glycol;Betaine;Tocopheryl Acetate;Acetyl Citrull Amido Arginine;Palmitoyl Oligopeptide;Camellia Oleifera Leaf Extract;Lavender Oil;Xanthan Gum;Glyceryl Polymethacrylate;Caffeine;Sodium Acrylates Copolymer;Tetrasodium Edta;Bht;Ascorbic Acid Polypeptide;Retinyl Palmitate;Sodium Pca;Hydrogenated Polyisobutene;Phospholipids;Ethylhexylglycerin;Disodium Edta;Ceramide 3;Polyglyceryl-10 Stearate;Sunflower Seed Oil;Grape Fruit Extract;Sorbic Acid,",0.0,117.0,7073.0,4.2393,0.5,Eye Care,164.0,3.62,1.65,eye care,Medium (7k - 13k)
Eye cream,ORIGINS,Dr. Andrew Weil for Origins™ Mega-Bright Dark Circle Minimizer,46,3.2,"Water, Dimethicone, Butylene Glycol, Hdi/Trimethylol Hexyllactone Crosspolymer, Squalane, Isononyl Isononanoate, Glycerin, Steareth-2, Steareth-21, Polysilicone-11, Rosa Roxburghii Fruit Extract, Paeonia Albiflora (Peony) Root Extract, Prunus Mume Fruit Extract, Magnolia Officinalis Bark Extract, Molasses Extract/Saccharum Officinarum/Extrait De Melasse, Citrus Grandis (Grapefruit) Peel Extract, Centella Asiatica (Hydrocotyl) Extract, Cladosiphon Okamuranus Extract, Sigesbeckia Orientalis (St. Paul'S Wort) Extract, Triticum Vulgare (Wheat) Germ Extract, Hordeum Vulgare (Barley) Extract/Extrait D'Orge, Aloe Barbadensis Leaf Extract, Garcinia Indica (Kokum) Seed Butter, Astrocaryum Murumuru Seed Butter, Sodium Hyaluronate, Cholesterol, Phytosphingosine, Yeast Extract/Faex/Extrait De Levure, Polymethylsilsesquioxane, Ethylhexyl Isononanoate, Cocos Nucifera (Coconut) Oil, Caprylyl Glycol, Stearyl Alcohol, Di-C12-15 Alkyl Fumarate, Dicaprylyl Carbonate, Ethylhexylglycerin, Acrylates/C10-30 Alkyl Acrylate Crosspolymer, Peg-10 Dimethicone, Tetrahexyldecyl Ascorbate, Hydroxyethyl Acrylate/Sodium Acryloyldimethyl Taurate Copolymer, Polymethyl Methacrylate, Polysorbate 60, Cetyl Alcohol, Dextrin, Tromethamine, Silica, Dimethicone Silylate, Sodium Dehydroacetate, Pentylene Glycol, Phenoxyethanol, Mica, Titanium Dioxide (Ci 77891), Iron Oxides (Ci 77491), Iron Oxides (Ci 77492) Please be aware that ingredient lists may change or vary from time to time.� Please refer to the ingredient list on the product package you receive for the most up to date list of ingredients.",0,0,0,0,0,dr._andrew_weil_for_origins_mega_bright_dark_circle_minimizer,origins,eye_cream,origins_dr._andrew_weil_for_origins_mega_bright_dark_circle_minimizer,,,,,,,,,,"Dimethicone;Butylene Glycol;Hdi/Trimethylol Hexyllactone Crosspolymer;Squalane;Isononyl Isononanoate;Glycerin;Steareth-2;Steareth-21;Polysilicone-11;Rosa Roxburghii Fruit Extract;Paeonia Albiflora (Peony) Root Extract;Prunus Mume Fruit Extract;Magnolia Officinalis Bark Extract;Molasses Extract/Saccharum Officinarum/Extrait De Melasse;Citrus Grandis (Grapefruit) Peel Extract;Centella Asiatica (Hydrocotyl) Extract;Cladosiphon Okamuranus Extract;Sigesbeckia Orientalis (St, Paul'S Wort) Extract;Triticum Vulgare (Wheat) Germ Extract;Hordeum Vulgare (Barley) Extract/Extrait D'Orge;Aloe Barbadensis Leaf Extract;Garcinia Indica (Kokum) Seed Butter;Astrocaryum Murumuru Seed Butter;Sodium Hyaluronate;Cholesterol;Phytosphingosine;Yeast Extract/Faex/Extrait De Levure;Polymethylsilsesquioxane;Ethylhexyl Isononanoate;Cocos Nucifera (Coconut) Oil;Caprylyl Glycol;Stearyl Alcohol;Di-C12-15 Alkyl Fumarate;Dicaprylyl Carbonate;Ethylhexylglycerin;Acrylates/C10-30 Alkyl Acrylate Crosspolymer;Peg-10 Dimethicone;Tetrahexyldecyl Ascorbate;Hydroxyethyl Acrylate/Sodium Acryloyldimethyl Taurate Copolymer;Polymethyl Methacrylate;Polysorbate 60;Cetyl Alcohol;Dextrin;Tromethamine;Silica;Dimethicone Silylate;Sodium Dehydroacetate;Pentylene Glycol;Phenoxyethanol;Mica;Titanium Dioxide (Ci 77891);Iron Oxides (Ci 77491);Iron Oxides (Ci 77492) Please be aware that ingredient lists may change or vary from time to time,� Please refer to the ingredient list on the product package you receive for the most up to date list of ingredients,",1.0,30.0,3109.0,3.7333,1.0,,59.0,12.44,0.96,eye care,nan
Eye cream,ALGENIST,ELEVATE Firming & Lifting Contouring Eye Cream,72,3.0,"Water, Glycerin, Isostearyl Neopentanoate, Butylene Glycol, Butyrospermum Parkii (Shea) Butter, Dimethicone, Sorbitan Stearate, Pentylene Glycol, Cetearyl Alcohol, Cetyl Alcohol, Di-C12-15 Alkyl Fumarate, Glyceryl Stearate, Neopentyl Glycol Diheptanoate, PEG-100 Stearate, Algae Exopolysaccharides, Palmitoyl Tripeptide-1, Palmitoyl Tetrapeptide-7, Arginine/Lysine Polypeptide, Hydrolyzed Rice Protein, Hydrolyzed Lupine Protein, Acetyl Dipeptide-1 Cetyl Ester, Albizia Julibrissin Bark Extract, Sigesbeckia Orientalis Extract, Gold, Caffeine, Medicago Sativa (Alfalfa) Extract, Chamomilla Recutita (Matricaria) Extract, Adenosine, Silica, Citrullus Lanatus (Watermelon) Fruit Extract, Lens Esculenta (Lentil) Fruit Extract, Pyrus Malus (Apple) Fruit Extract, Acrylates/C10-30 Alkyl Acrylate Crosspolymer, Aminomethyl Propanol, Synthetic Fluorphlogopite, Polymethylsilsesquioxane, Sodium Stearoyl Glutamate, Sorbitan Laurate, Hydroxyethylcellulose, Carbomer, Siloxanetriol Alginate, Acetyl Hydroxyproline, Polysorbate 20, Sodium PCA, Sorbic Acid, Sodium Lactate, Disodium EDTA, Tin Oxide, Ethylhexylglycerin, Sodium Benzoate, Chlorphenesin, Caprylyl Glycol, Phenoxyethanol, Titanium Dioxide (CI 77891).",1,1,1,1,1,elevate_firming_lifting_contouring_eye_cream,algenist,eye_cream,algenist_elevate_firming_lifting_contouring_eye_cream,0.0,21.0,825.0,3.0,0.5,Eye Care,144.0,14.29,2.55,"Glycerin;Isostearyl Neopentanoate;Butylene Glycol;Butyrospermum Parkii (Shea) Butter;Dimethicone;Sorbitan Stearate;Pentylene Glycol;Cetearyl Alcohol;Cetyl Alcohol;Di-C12-15 Alkyl Fumarate;Glyceryl Stearate;Neopentyl Glycol Diheptanoate;PEG-100 Stearate;Algae Exopolysaccharides;Palmitoyl Tripeptide-1;Palmitoyl Tetrapeptide-7;Arginine/Lysine Polypeptide;Hydrolyzed Rice Protein;Hydrolyzed Lupine Protein;Acetyl Dipeptide-1 Cetyl Ester;Albizia Julibrissin Bark Extract;Sigesbeckia Orientalis Extract;Gold;Caffeine;Medicago Sativa (Alfalfa) Extract;Chamomilla Recutita (Matricaria) Extract;Adenosine;Silica;Citrullus Lanatus (Watermelon) Fruit Extract;Lens Esculenta (Lentil) Fruit Extract;Pyrus Malus (Apple) Fruit Extract;Acrylates/C10-30 Alkyl Acrylate Crosspolymer;Aminomethyl Propanol;Synthetic Fluorphlogopite;Polymethylsilsesquioxane;Sodium Stearoyl Glutamate;Sorbitan Laurate;Hydroxyethylcellulose;Carbomer;Siloxanetriol Alginate;Acetyl Hydroxyproline;Polysorbate 20;Sodium PCA;Sorbic Acid;Sodium Lactate;Disodium EDTA;Tin Oxide;Ethylhexylglycerin;Sodium Benzoate;Chlorphenesin;Caprylyl Glycol;Phenoxyethanol;Titanium Dioxide (CI 77891),",0.0,21.0,825.0,3.0,0.5,Eye Care,144.0,14.29,2.55,eye care,Very Low (0 - 3k)
Eye cream,NARS,Total Replenishing Eye Cream,58,3.3,Visit the NARS boutique,0,0,0,0,0,total_replenishing_eye_cream,nars,eye_cream,nars_total_replenishing_eye_cream,0.0,14.0,2685.0,3.2857,0.52,Eye Care,111.54,23.47,0.52,Visit the NARS boutique,0.0,14.0,2685.0,3.2857,0.52,Eye Care,111.54,23.47,0.52,eye care,Very Low (0 - 3k)
Eye cream,NATURALLY SERIOUS,Zero Baggage Anti-Dark Circle Eye Cream,44,3.3,"Water, Glycerin (natural humectant - plant based oil), Cetyl Alcohol (emollient - non-drying fatty alcohol from coconut oil), Pyrus Malus (Apple) Fruit Extract, Aluminum Starch Octenylsuccinate (viscosity- complex carbohydrate from plants), Caprylic/Capric Triglyceride (emollient-coconut oil), Stearyl Alcohol (emollient- non-drying fatty alcohol), Caffeine, Sodium Hyaluronate (humectant - natural fermentation), Tocopheryl Acetate (antioxidant - Vitamin E), Sodium PCA, Hydrogenated Olive Oil, Maltodextrin (binder - corn/rice/potato starch), Aspalathus Linearis Leaf (Red Tea) Extract, Camellia Sinensis (Green Tea) Leaf Extract, Lycium Barbarum Fruit (Goji Berry) Extract, Punica Granatum (Pomegranate) Extract, Vitis Vinifera (Grape Seed) Extract, Leuconostoc/Radish Root Ferment Filtrate (antimicrobial - fermented radish), Pinus Cembra Wood (Swiss Pine) Extract, Citrus Aurantium Dulcis (Orange) Peel Extract, Olea Europaea (Olive) Fruit Oil, Olea Europaea (Olive) Oil Unsaponifiables, Cera Alba (Beeswax), Avena Sativa (Oat) Bran Extract, Coleus Barbatus Root (ViaPure Coleus) Extract, Leontopodium Alpinum (Edelweiss) Extract, Peucedanum Ostruthium (Imperatoria) Leaf Extract, Cetearyl Olivate (emulsifier - fatty acids from olive oil), Palmitic Acid (emollient - fatty acid), Stearic Acid (emollient - fatty acid), Sodium Phytate (chelating - natural plant acid), Glyceryl Caprylate (natural emollient - plant derived), Sorbitan Olivate (emulsifier - fatty acids from olive oil), Caprylhydroxamic Acid (chelating - amino acid from coconut oil), Xanthan Gum (thickener - sugar).",1,1,1,1,1,zero_baggage_anti_dark_circle_eye_cream,naturally_serious,eye_cream,naturally_serious_zero_baggage_anti_dark_circle_eye_cream,1.0,23.0,2425.0,3.3913,0.67,Eye Care,65.67,14.74,0.95,"Glycerin (natural humectant - plant based oil);Cetyl Alcohol (emollient - non-drying fatty alcohol from coconut oil);Pyrus Malus (Apple) Fruit Extract;Aluminum Starch Octenylsuccinate (viscosity- complex carbohydrate from plants);Caprylic/Capric Triglyceride (emollient-coconut oil);Stearyl Alcohol (emollient- non-drying fatty alcohol);Caffeine;Sodium Hyaluronate (humectant - natural fermentation);Tocopheryl Acetate (antioxidant - Vitamin E);Sodium PCA;Hydrogenated Olive Oil;Maltodextrin (binder - corn/rice/potato starch);Aspalathus Linearis Leaf (Red Tea) Extract;Camellia Sinensis (Green Tea) Leaf Extract;Lycium Barbarum Fruit (Goji Berry) Extract;Punica Granatum (Pomegranate) Extract;Vitis Vinifera (Grape Seed) Extract;Leuconostoc/Radish Root Ferment Filtrate (antimicrobial - fermented radish);Pinus Cembra Wood (Swiss Pine) Extract;Citrus Aurantium Dulcis (Orange) Peel Extract;Olea Europaea (Olive) Fruit Oil;Olea Europaea (Olive) Oil Unsaponifiables;Cera Alba (Beeswax);Avena Sativa (Oat) Bran Extract;Coleus Barbatus Root (ViaPure Coleus) Extract;Leontopodium Alpinum (Edelweiss) Extract;Peucedanum Ostruthium (Imperatoria) Leaf Extract;Cetearyl Olivate (emulsifier - fatty acids from olive oil);Palmitic Acid (emollient - fatty acid);Stearic Acid (emollient - fatty acid);Sodium Phytate (chelating - natural plant acid);Glyceryl Caprylate (natural emollient - plant derived);Sorbitan Olivate (emulsifier - fatty acids from olive oil);Caprylhydroxamic Acid (chelating - amino acid from coconut oil);Xanthan Gum (thickener - sugar),",1.0,23.0,2425.0,3.3913,0.67,Eye Care,65.67,14.74,0.95,eye care,Very Low (0 - 3k)
Eye cream,DERMADOCTOR,Kakadu C™ Eye Soufflé,68,3.8,"Water, Isodecyl Neopentanoate, Glycerin, Cetyl Alcohol, Tetrahexyldecyl Ascorbate, Isononyl Isononanoate, Sodium Acrylate/Sodium Acryloyldimethyl Taurate, Copolymer, Polysorbate 80, Caprylic/Capric Triglyceride, Epigallocatechin Gallatyl Glucoside, Palmitoyl Tripeptide-38, Propyl Gallate, Gallyl Glucoside, Caffeine, Terminalia Ferdinandiana (Kakadu) Fruit Extract, Pleiogynium Timorense Fruit Extract, Podocarpus Elatus Fruit Extract, Grevillea Speciosa Flower Extract, Banksia Serrata Flower Extract, Anigozanthos Manglesii Flower Extract, Tocopheryl Acetate, Hydroxypropyl Cyclodextrin, Butylene Glycol, Sorbitol, Glyceryl Stearate, Alcohol Denat., Sodium Phytate, Phenoxyethanol, Ethylhexylglycerin.",0,0,0,0,0,kakadu_c_eye_soufflé,dermadoctor,eye_cream,dermadoctor_kakadu_c_eye_soufflé,,,,,,,,,,"Isodecyl Neopentanoate;Glycerin;Cetyl Alcohol;Tetrahexyldecyl Ascorbate;Isononyl Isononanoate;Sodium Acrylate/Sodium Acryloyldimethyl Taurate;Copolymer;Polysorbate 80;Caprylic/Capric Triglyceride;Epigallocatechin Gallatyl Glucoside;Palmitoyl Tripeptide-38;Propyl Gallate;Gallyl Glucoside;Caffeine;Terminalia Ferdinandiana (Kakadu) Fruit Extract;Pleiogynium Timorense Fruit Extract;Podocarpus Elatus Fruit Extract;Grevillea Speciosa Flower Extract;Banksia Serrata Flower Extract;Anigozanthos Manglesii Flower Extract;Tocopheryl Acetate;Hydroxypropyl Cyclodextrin;Butylene Glycol;Sorbitol;Glyceryl Stearate;Alcohol Denat,;Sodium Phytate;Phenoxyethanol;Ethylhexylglycerin,",0.0,36.0,2906.0,3.8056,0.5,,136.0,10.57,1.24,eye care,nan
Eye cream,BOSCIA,Sake Brightening Bio-Cellulose Eye Masks,15,1.8,"Water, Glycerin, Butylene Glycol, Glycereth-26, Niacinamide, Methyl Gluceth-20, 1, 2-Hexanediol, Hydroxyacetophenone, Hydroxyethyl Urea, Cocos Nucifera (Coconut) Fruit Juice, Cocos Nucifera (Coconut) Water, Ammonium Acryloyldimethyltaurate/VP Copolymer, Polyglyceryl-10 Laurate, Adenosine, Carbomer, Arginine, Persea Gratissima (Avocado) Fruit Extract, Maltodextrin, Chenopodium Quinoa Seed Extract, Daucus Carota Sativa (Carrot) Root Extract, Lavandula Angustifolia (Lavender) Oil, Aspergillus/Rice Ferment Extract, Sodium Hyaluronate, Oryza Sativa (Rice) Bran Extract, Linolenic Acid. .",1,1,1,1,1,sake_brightening_bio_cellulose_eye_masks,boscia,eye_cream,boscia_sake_brightening_bio_cellulose_eye_masks,0.0,36.0,1382.0,1.8333,,Eye Care,,5.09,2.6,"Glycerin;Butylene Glycol;Glycereth-26;Niacinamide;Methyl Gluceth-20;1;2-Hexanediol;Hydroxyacetophenone;Hydroxyethyl Urea;Cocos Nucifera (Coconut) Fruit Juice;Cocos Nucifera (Coconut) Water;Ammonium Acryloyldimethyltaurate/VP Copolymer;Polyglyceryl-10 Laurate;Adenosine;Carbomer;Arginine;Persea Gratissima (Avocado) Fruit Extract;Maltodextrin;Chenopodium Quinoa Seed Extract;Daucus Carota Sativa (Carrot) Root Extract;Lavandula Angustifolia (Lavender) Oil;Aspergillus/Rice Ferment Extract;Sodium Hyaluronate;Oryza Sativa (Rice) Bran Extract;Linolenic Acid, ,",0.0,36.0,1382.0,1.8333,,Eye Care,,5.09,2.6,eye care,Very Low (0 - 3k)
Eye cream,PHILOSOPHY,Take a Deep Breath Oxygenating Eye Gel Cream,42,4.1,"Water, Glycerin, Pentylene Glycol, Dimethicone, Caprylic/Capric Triglyceride, Polyglyceryl-2 Diisostearate, Phenoxyethanol, Bisabolol, Hydrolyzed Soy Protein, Ammonium Acryloyldimethyltaurate/Vp Copolymer, Polysilicone-11, Polyacrylamide, Acrylates/C10-30 Alkyl Acrylate Crosspolymer, Caffeine, Cetearyl Alcohol, Cetyl Alcohol, C13-14 Isoparaffin, Butylene Glycol, Glucosyl Hesperidin, Disodium Edta, Sodium Hydroxide, Laureth-7, Cetearyl Glucoside, Adenosine, Malachite Extract, Faex/Yeast Extract/Extrait De Levure, Ectoin, Hesperidin Methyl Chalcone, Sodium Hyaluronate, Steareth-20, Lecithin, Alcohol, Alteromonas Ferment Extract, Hordeum Vulgare/Hordeum Vulgare Extract/Extrait D'orge, Sodium Citrate, Camellia Sinensis Leaf Extract, Coffea Arabica (Coffee) Seed Extract, Ethylhexylglycerin, Pongamia Pinnata Seed Extract, Angelica Archangelica Root Extract, Chlorhexidine Digluconate, Citrus Aurantium Amara (Bitter Orange) Peel Extract, Maltodextrin, Rosmarinus Officinalis (Rosemary) Leaf Extract, Magnesium Aluminum Silicate, Xanthan Gum, Peg-8, Sorbic Acid, Citric Acid, Dipeptide-2, Farnesol, Potassium Sorbate, Caprylyl Glycol, Sclerotium Gum, Tocopherol, Palmitoyl Tetrapeptide-7, Ascorbyl Palmitate, Ascorbic Acid.",0,0,0,0,0,take_a_deep_breath_oxygenating_eye_gel_cream,philosophy,eye_cream,philosophy_take_a_deep_breath_oxygenating_eye_gel_cream,0.0,21.0,1732.0,4.1429,0.5,Eye Care,84.0,19.73,1.21,"Glycerin;Pentylene Glycol;Dimethicone;Caprylic/Capric Triglyceride;Polyglyceryl-2 Diisostearate;Phenoxyethanol;Bisabolol;Hydrolyzed Soy Protein;Ammonium Acryloyldimethyltaurate/Vp Copolymer;Polysilicone-11;Polyacrylamide;Acrylates/C10-30 Alkyl Acrylate Crosspolymer;Caffeine;Cetearyl Alcohol;Cetyl Alcohol;C13-14 Isoparaffin;Butylene Glycol;Glucosyl Hesperidin;Disodium Edta;Sodium Hydroxide;Laureth-7;Cetearyl Glucoside;Adenosine;Malachite Extract;Faex/Yeast Extract/Extrait De Levure;Ectoin;Hesperidin Methyl Chalcone;Sodium Hyaluronate;Steareth-20;Lecithin;Alcohol;Alteromonas Ferment Extract;Hordeum Vulgare/Hordeum Vulgare Extract/Extrait D'orge;Sodium Citrate;Camellia Sinensis Leaf Extract;Coffea Arabica (Coffee) Seed Extract;Ethylhexylglycerin;Pongamia Pinnata Seed Extract;Angelica Archangelica Root Extract;Chlorhexidine Digluconate;Citrus Aurantium Amara (Bitter Orange) Peel Extract;Maltodextrin;Rosmarinus Officinalis (Rosemary) Leaf Extract;Magnesium Aluminum Silicate;Xanthan Gum;Peg-8;Sorbic Acid;Citric Acid;Dipeptide-2;Farnesol;Potassium Sorbate;Caprylyl Glycol;Sclerotium Gum;Tocopherol;Palmitoyl Tetrapeptide-7;Ascorbyl Palmitate;Ascorbic Acid,",0.0,21.0,1732.0,4.1429,0.5,Eye Care,84.0,19.73,1.21,eye care,Very Low (0 - 3k)
Eye cream,SKIN LAUNDRY,Wrinkle Release Eye Cream with Peptides,30,3.8,"Water, Caprylic/Capric Triglyceride, Butyrospermum Parkii (Shea) Butter, Glycerin , Cetearyl Alcohol, Squalane, Coffea Arabica (Coffee) Seed Extract, Dimethicone, Glyceryl Stearate, Ceteareth-20, Tocopherol, Sodium PCA , Palmitoyl Oligopeptide, Chrysin , Palmitoyl Tetrapeptide-7, PEG-100 Stearate, Sodium Hydroxide, Steareth-20 , Disodium EDTA, Butylene Glycol, N-Hydroxysuccinimide, Sodium Hyaluronate, Acetyl Tetrapeptide-5, Carbomer , Acrylates/C10-30 Alkyl Acrylate Crosspolymer, Polysorbate 20, Chlorphenesin, Caprylyl Glycol, Phenoxyethanol.",1,1,1,1,1,wrinkle_release_eye_cream_with_peptides,skin_laundry,eye_cream,skin_laundry_wrinkle_release_eye_cream_with_peptides,0.0,9.0,2116.0,3.7778,0.5,Eye Care,60.0,41.98,0.43,"Caprylic/Capric Triglyceride;Butyrospermum Parkii (Shea) Butter;Glycerin;Cetearyl Alcohol;Squalane;Coffea Arabica (Coffee) Seed Extract;Dimethicone;Glyceryl Stearate;Ceteareth-20;Tocopherol;Sodium PCA;Palmitoyl Oligopeptide;Chrysin;Palmitoyl Tetrapeptide-7;PEG-100 Stearate;Sodium Hydroxide;Steareth-20;Disodium EDTA;Butylene Glycol;N-Hydroxysuccinimide;Sodium Hyaluronate;Acetyl Tetrapeptide-5;Carbomer;Acrylates/C10-30 Alkyl Acrylate Crosspolymer;Polysorbate 20;Chlorphenesin;Caprylyl Glycol;Phenoxyethanol,",0.0,9.0,2116.0,3.7778,0.5,Eye Care,60.0,41.98,0.43,eye care,Very Low (0 - 3k)
Eye cream,DERMADOCTOR,Photo Dynamic Therapy Energizing Eye Renewal Cream,65,3.9,"Water, Cyclopentasiloxane, Caprylic/Capric Triglyceride, Yeast Amino Acids, Butyl Methoxydibenzoylmethane, Butylene Glycol, Glycerin, Polysilicone-11, Aminobutyric Acid, Barium Sulfate, Cetyl Alcohol, Stearic Acid, Propanediol, Euglena Gracilis Extract, Glyceryl Stearate, PEG-100 Stearate, Tricalcium Phosphate, Dimethicone, Sodium Stearoyl Glutamate, Steareth-20, Tocopheryl Acetate, Cyclohexasiloxane, Portulaca Oleracea Extract, Panax Ginseng Root Extract, Centella Asiatica Extract, Sorbitan Laurate, Caffeine, Xanthan Gum, Morinda Citrifolia Extract, Zizyphus Jujuba Seed Extract, Hydroxyethylcellulose, Acetyl Dipeptide-1 Cetyl Ester, Phytoecdysteroids, Glaucium Flavum Leaf Extract, Disodium EDTA, Phenoxyethanol, Methylparaben, Ethylparaben, Propylparaben, Butylparaben, Diazolidinyl Urea.",0,0,0,0,0,photo_dynamic_therapy_energizing_eye_renewal_cream,dermadoctor,eye_cream,dermadoctor_photo_dynamic_therapy_energizing_eye_renewal_cream,0.0,61.0,1600.0,3.918,0.5,Eye Care,130.0,6.42,3.81,"Cyclopentasiloxane;Caprylic/Capric Triglyceride;Yeast Amino Acids;Butyl Methoxydibenzoylmethane;Butylene Glycol;Glycerin;Polysilicone-11;Aminobutyric Acid;Barium Sulfate;Cetyl Alcohol;Stearic Acid;Propanediol;Euglena Gracilis Extract;Glyceryl Stearate;PEG-100 Stearate;Tricalcium Phosphate;Dimethicone;Sodium Stearoyl Glutamate;Steareth-20;Tocopheryl Acetate;Cyclohexasiloxane;Portulaca Oleracea Extract;Panax Ginseng Root Extract;Centella Asiatica Extract;Sorbitan Laurate;Caffeine;Xanthan Gum;Morinda Citrifolia Extract;Zizyphus Jujuba Seed Extract;Hydroxyethylcellulose;Acetyl Dipeptide-1 Cetyl Ester;Phytoecdysteroids;Glaucium Flavum Leaf Extract;Disodium EDTA;Phenoxyethanol;Methylparaben;Ethylparaben;Propylparaben;Butylparaben;Diazolidinyl Urea,",0.0,61.0,1600.0,3.918,0.5,Eye Care,130.0,6.42,3.81,eye care,Very Low (0 - 3k)
Eye cream,YVES SAINT LAURENT,Forever Light Creator Eye Fluid,73,3.4,No Info,0,0,0,0,0,forever_light_creator_eye_fluid,yves_saint_laurent,eye_cream,yves_saint_laurent_forever_light_creator_eye_fluid,0.0,7.0,1154.0,3.4286,0.5,Eye Care,146.0,48.98,0.61,No Info,0.0,7.0,1154.0,3.4286,0.5,Eye Care,146.0,48.98,0.61,eye care,Very Low (0 - 3k)
Eye cream,KATE SOMERVILLE,KateCeuticals™ Contouring Eye Serum,125,3.0,"Water, Cyclopentasiloxane, Dimethiconol, Ethylhexyl Cocoate, Glycerin, Pullulan, Phenoxyethanol, Carbomer, Sodium Hydroxide, Caprylyl Glycol, Algae Extract, Ethylhexylglycerin, Phenyl Trimethicone, Disodium EDTA, Adenosine, Sodium Hyaluronate, Dipalmitoyl Hydroxyproline , Glycine Soja (Soybean) Seed Extract, Maltodextrin, Acetyl Octapeptide-3, Pentapeptide-18, Sucrose Palmitate, Caprylic/Capric Triglyceride, Dimethicone, Rubus Fruticosus (Blackberry) Leaf Extract, Glyceryl Linoleate, Commiphora Mukul Resin Extract, Lecithin, Ceramide NG, Palmitoyl Tripeptide-5, Glycolipids, Tocopherol.",1,1,1,0,0,kateceuticals_contouring_eye_serum,kate_somerville,eye_cream,kate_somerville_kateceuticals_contouring_eye_serum,,,,,,,,,,"Cyclopentasiloxane;Dimethiconol;Ethylhexyl Cocoate;Glycerin;Pullulan;Phenoxyethanol;Carbomer;Sodium Hydroxide;Caprylyl Glycol;Algae Extract;Ethylhexylglycerin;Phenyl Trimethicone;Disodium EDTA;Adenosine;Sodium Hyaluronate;Dipalmitoyl Hydroxyproline;Glycine Soja (Soybean) Seed Extract;Maltodextrin;Acetyl Octapeptide-3;Pentapeptide-18;Sucrose Palmitate;Caprylic/Capric Triglyceride;Dimethicone;Rubus Fruticosus (Blackberry) Leaf Extract;Glyceryl Linoleate;Commiphora Mukul Resin Extract;Lecithin;Ceramide NG;Palmitoyl Tripeptide-5;Glycolipids;Tocopherol,",0.0,2.0,1045.0,3.0,0.5,,250.0,150.0,0.19,eye care,nan
Eye cream,CLARINS,Mission Perfection Eye Broad Spectrum SPF 15,50,4.0,"Water, Dimethicone , Phenyl Trimethicone , Titanium Dioxide , Butylene Glycol , Vinyl Dimethicone/Methicone Silsesquioxane Crosspolymer ,Alcohol , Polyglyceryl-3 Polydimethylsiloxyethyl Dime- Thicone , Glycerin , Betaine , Cetyl Peg/Ppg-10/1 Dimethi- Cone , Aluminum Hydroxide , Stearic Acid , C12-15 Alkyl Benzoate , Ci 77891/Titanium Dioxide , Mica , Ascorbyl Glu- Coside , Sodium Chloride , Silica , Ci 77492/Iron Oxides , Tromethamine , Phenoxyethanol , Ethylhexylglycerin , Sodium Citrate , Synthetic Fluorphlogopite , Disodium Edta , Stearalkonium Hectorite , Avena Sativa (Oat) Kernel Extract , Bisabolol , Escin, Parfum/Fragrance , Ci 77491/Iron Oxides , Propylene Carbonate , Triethoxycaprylylsilane , Spergularia Rubra Extract ,Diospyros Mespiliformis Leaf Extract , Maltodextrin , Citric Acid , Ci 77499/Iron Oxides , Sanicula Europaea Extract , Malpighia Emarginata (Ace- Rola) Fruit Extract , Sodium Lauroyl Glutamate , Sodium Benzoate , Ethylene Brassylate , Jania Rubens Extract , Lapsanacommunis Flower/Leaf/Stemextract , Furcellaria Lumbricalis Extract , Lysine , Magnesium Chloride , Potassium Sorbate , Sea Salt.",1,1,1,1,1,mission_perfection_eye_broad_spectrum_spf_15,clarins,eye_cream,clarins_mission_perfection_eye_broad_spectrum_spf_15,0.0,3.0,378.0,3.0,0.5,Eye Care,100.0,100.0,0.79,"Dimethicone;Phenyl Trimethicone;Titanium Dioxide;Butylene Glycol;Vinyl Dimethicone/Methicone Silsesquioxane Crosspolymer;Alcohol;Polyglyceryl-3 Polydimethylsiloxyethyl Dime- Thicone;Glycerin;Betaine;Cetyl Peg/Ppg-10/1 Dimethi- Cone;Aluminum Hydroxide;Stearic Acid;C12-15 Alkyl Benzoate;Ci 77891/Titanium Dioxide;Mica;Ascorbyl Glu- Coside;Sodium Chloride;Silica;Ci 77492/Iron Oxides;Tromethamine;Phenoxyethanol;Ethylhexylglycerin;Sodium Citrate;Synthetic Fluorphlogopite;Disodium Edta;Stearalkonium Hectorite;Avena Sativa (Oat) Kernel Extract;Bisabolol;Escin;Parfum/Fragrance;Ci 77491/Iron Oxides;Propylene Carbonate;Triethoxycaprylylsilane;Spergularia Rubra Extract;Diospyros Mespiliformis Leaf Extract;Maltodextrin;Citric Acid;Ci 77499/Iron Oxides;Sanicula Europaea Extract;Malpighia Emarginata (Ace- Rola) Fruit Extract;Sodium Lauroyl Glutamate;Sodium Benzoate;Ethylene Brassylate;Jania Rubens Extract;Lapsanacommunis Flower/Leaf/Stemextract;Furcellaria Lumbricalis Extract;Lysine;Magnesium Chloride;Potassium Sorbate;Sea Salt,",0.0,3.0,378.0,3.0,0.5,Eye Care,100.0,100.0,0.79,eye care,Very Low (0 - 3k)
Eye cream,KENZOKI,Belle de Jour Angel Eyes White Lotus Care,71,3.5,Visit the KENZOKI boutique,0,0,0,0,0,belle_de_jour_angel_eyes_white_lotus_care,kenzoki,eye_cream,kenzoki_belle_de_jour_angel_eyes_white_lotus_care,0.0,7.0,398.0,3.4286,0.5,Eye Care,142.0,48.98,1.76,Visit the KENZOKI boutique,0.0,7.0,398.0,3.4286,0.5,Eye Care,142.0,48.98,1.76,eye care,Very Low (0 - 3k)
Eye cream,DR. BRANDT SKINCARE,Xtend Your Youth Eye Cream,46,3.0,"Water, Glyceryl Stearate, Peg-100 Stearate, Isopropyl Palmitate, Squalane, Phenyl Trimethicone, Rice Bran Oil, Camellia Oleifera Leaf Extract, Cyclopentasiloxane, Cetyl Alcohol, Peg-40 Stearate, Sorbitan Stearate, Glycosaminoglycans, Cetyl Phosphate, Butylene Glycol, Carob Gum, Phenoxyethanol, Hydrogenated Castor Oil, Sodium Hyaluronate, Peg-20 Methyl Glucose Sesquistearate, Cholesterol, Corn Starch, Silica, Triethanolamine, Magnesium Aluminum Silicate, Willow Bark Extract, Ahnfeltia Concinna Extract, Simethicone, Hydroxyethylcellulose, Disodium Edta, Osmanthus Fragrans Flower Extract, Propanediol, Ethylhexylglycerin, Hydrolyzed Casein, Xanthan Gum, Aloe Vera Leaf Powder, Bis-Diglyceryl Polyacyladipate-2, Geranium Maculatum Oil, Grape Seed Oil, Rose Extract, Grape Seed Extract, Bht, Camellia Sinensis Leaf Extract, Phospholipids, Lecithin, Ascorbic Acid, Tocopheryl Acetate, Wine Extract, Sucrose, Mineral Salts, 1,2-Hexanediol, Carbomer.",0,0,0,0,0,xtend_your_youth_eye_cream,dr._brandt_skincare,eye_cream,dr._brandt_skincare_xtend_your_youth_eye_cream,0.0,21.0,983.0,2.9524,0.5,Eye Care,92.0,14.06,2.14,"Glyceryl Stearate;Peg-100 Stearate;Isopropyl Palmitate;Squalane;Phenyl Trimethicone;Rice Bran Oil;Camellia Oleifera Leaf Extract;Cyclopentasiloxane;Cetyl Alcohol;Peg-40 Stearate;Sorbitan Stearate;Glycosaminoglycans;Cetyl Phosphate;Butylene Glycol;Carob Gum;Phenoxyethanol;Hydrogenated Castor Oil;Sodium Hyaluronate;Peg-20 Methyl Glucose Sesquistearate;Cholesterol;Corn Starch;Silica;Triethanolamine;Magnesium Aluminum Silicate;Willow Bark Extract;Ahnfeltia Concinna Extract;Simethicone;Hydroxyethylcellulose;Disodium Edta;Osmanthus Fragrans Flower Extract;Propanediol;Ethylhexylglycerin;Hydrolyzed Casein;Xanthan Gum;Aloe Vera Leaf Powder;Bis-Diglyceryl Polyacyladipate-2;Geranium Maculatum Oil;Grape Seed Oil;Rose Extract;Grape Seed Extract;Bht;Camellia Sinensis Leaf Extract;Phospholipids;Lecithin;Ascorbic Acid;Tocopheryl Acetate;Wine Extract;Sucrose;Mineral Salts;1,2-Hexanediol;Carbomer,",0.0,21.0,983.0,2.9524,0.5,Eye Care,92.0,14.06,2.14,eye care,Very Low (0 - 3k)
Eye cream,EVE LOM,Time Retreat Eye Treatment,75,3.5,"Water, Isostearyl Neopentanoate, C12-15 Alkyl Benzoate, Glycerin, Hdi/Trimethylol Hexyllactone Crosspolymer, Myristyl Myristate, Ascorbyl Tetraisopalmitate, Cetearyl Olivate, Sorbitan Olivate, Dipalmitoyl Hydroxyproline, Phenoxyethanol, Lecithin, Alcohol Denat., Pentylene Glycol, Avena Sativa (Oat) Kernel Extract, Carbomer, Benzyl Alcohol, Hydroxyethyl Acrylate/Sodium Acryloyldimethyl Taurate Copolymer, Polysorbate 81, Squalane, Xanthan Gum, Sodium Hydroxide, Ethylhexylglycerin, Sodium Hyaluronate, Disodium Edta, Tocopherol, Alcohol, Retinol, Polysorbate 20, Silica, Polysorbate 60, Dehydroacetic Acid, Potassium Phosphate, Sorbitan Isostearate, Soy Isoflavones (Geistein).",1,1,1,1,1,time_retreat_eye_treatment,eve_lom,eye_cream,eve_lom_time_retreat_eye_treatment,0.0,13.0,1590.0,3.5385,0.5,Eye Care,150.0,27.22,0.82,"Isostearyl Neopentanoate;C12-15 Alkyl Benzoate;Glycerin;Hdi/Trimethylol Hexyllactone Crosspolymer;Myristyl Myristate;Ascorbyl Tetraisopalmitate;Cetearyl Olivate;Sorbitan Olivate;Dipalmitoyl Hydroxyproline;Phenoxyethanol;Lecithin;Alcohol Denat,;Pentylene Glycol;Avena Sativa (Oat) Kernel Extract;Carbomer;Benzyl Alcohol;Hydroxyethyl Acrylate/Sodium Acryloyldimethyl Taurate Copolymer;Polysorbate 81;Squalane;Xanthan Gum;Sodium Hydroxide;Ethylhexylglycerin;Sodium Hyaluronate;Disodium Edta;Tocopherol;Alcohol;Retinol;Polysorbate 20;Silica;Polysorbate 60;Dehydroacetic Acid;Potassium Phosphate;Sorbitan Isostearate;Soy Isoflavones (Geistein),",0.0,13.0,1590.0,3.5385,0.5,Eye Care,150.0,27.22,0.82,eye care,Very Low (0 - 3k)
Eye cream,KLORANE,BB Eye Cream with Soothing Cornflower,26,3.3,"Water, Butylene Glycol, Centaurea Cyanus Flower Water, Isodecyl Neopentanoate, Glycerin, Dimethicone, Arachidyl Alcohol, 1,2-Hexanediol, Alcohol, Arachidyl Glucoside, Benenyl Alcohol, Caffeine, Caprylyl Glycol, Citric Acid, Coco Caprylate, Dimethicone Crosspolymer, Disodium EDTA, Glyceryl Stearate, Helianthus Annuus (Sunflower) Seed Oil (Helianthus Annuus Seed Oil), Hydroxyethyl Acrylates/Sodium Acryloyldimethyl Taurate Copolymer, Iron oxides (CI 77492) (CI77491), Isohexadecane, Mica, PEG-100 Stearate, Phenethyl Alcohol, Polymethyl Methacrylate, Polysorbate 60, Propylene Gylcol, Sodium Dextran Sulfate, Sodium Hyaluronate, Sodium Hydroxide, Sorbitan Isostearate, Talc, Tin Oxide, Titanium Dioxide (CI77891), Titanium Dioxide, Tocopherol, Tocopheryl Acetate, Viburnum Prunifolium Extract, Xanthan Gum.",1,1,1,1,1,bb_eye_cream_with_soothing_cornflower,klorane,eye_cream,klorane_bb_eye_cream_with_soothing_cornflower,0.0,21.0,1625.0,3.2381,0.5,Eye Care,52.0,15.42,1.29,"Butylene Glycol;Centaurea Cyanus Flower Water;Isodecyl Neopentanoate;Glycerin;Dimethicone;Arachidyl Alcohol;1,2-Hexanediol;Alcohol;Arachidyl Glucoside;Benenyl Alcohol;Caffeine;Caprylyl Glycol;Citric Acid;Coco Caprylate;Dimethicone Crosspolymer;Disodium EDTA;Glyceryl Stearate;Helianthus Annuus (Sunflower) Seed Oil (Helianthus Annuus Seed Oil);Hydroxyethyl Acrylates/Sodium Acryloyldimethyl Taurate Copolymer;Iron oxides (CI 77492) (CI77491);Isohexadecane;Mica;PEG-100 Stearate;Phenethyl Alcohol;Polymethyl Methacrylate;Polysorbate 60;Propylene Gylcol;Sodium Dextran Sulfate;Sodium Hyaluronate;Sodium Hydroxide;Sorbitan Isostearate;Talc;Tin Oxide;Titanium Dioxide (CI77891);Titanium Dioxide;Tocopherol;Tocopheryl Acetate;Viburnum Prunifolium Extract;Xanthan Gum,",0.0,21.0,1625.0,3.2381,0.5,Eye Care,52.0,15.42,1.29,eye care,Very Low (0 - 3k)
Eye cream,CLINIQUE,Go-Go Eyes,26,3.7,No Info,1,1,1,1,1,go_go_eyes,clinique,eye_cream,clinique_go_go_eyes,,,,,,,,,,No Info,,,,,,,,,,eye care,nan
Eye cream,KENZOKI,Ice-Cold Eye Cream,46,3.9,"Water, Ethylene/Acrylic Acid Copolymer, Propylene Glycol Dicaprylate/Dicaprate, Glycerin, Butylene Glycol, Squalane, Caprylic/Capric Triglyceride, Steareth-21, Zingiber Officinale (Ginger) Water, Phenoxyethanol, Stearalkonium Hectorite, Cetyl Alcohol, Stearyl Alcohol, Steareth-2, Glyceryl Hydroxystearate, Mangifera Indica (Mango) Seed Butter, Sodium Polyacrylate, Caprylyl Glycol, Palmitic Acid, Stearic Acid, Dimethicone, Propylene Carbonate, Tetrasodium Edta, Glyceryl Acrylate/Acrylic Acid Copolymer, Avena Sativa (Oat) Kernel Extract, Acrylates/C10-30 Alkyl Acrylate Crosspolymer, Saccharomyces Cerevisiae Extract, Fragrance, Tromethamine, Sodium Hyaluronate, Cyathea Medullaris Leaf Extract, Xanthan Gum, Benzyl Benzoate, Ethylhexylglycerin, Limonene, Linalool, Geraniol, Citral, BHT.",0,0,0,0,0,ice_cold_eye_cream,kenzoki,eye_cream,kenzoki_ice_cold_eye_cream,,,,,,,,,,"Ethylene/Acrylic Acid Copolymer;Propylene Glycol Dicaprylate/Dicaprate;Glycerin;Butylene Glycol;Squalane;Caprylic/Capric Triglyceride;Steareth-21;Zingiber Officinale (Ginger) Water;Phenoxyethanol;Stearalkonium Hectorite;Cetyl Alcohol;Stearyl Alcohol;Steareth-2;Glyceryl Hydroxystearate;Mangifera Indica (Mango) Seed Butter;Sodium Polyacrylate;Caprylyl Glycol;Palmitic Acid;Stearic Acid;Dimethicone;Propylene Carbonate;Tetrasodium Edta;Glyceryl Acrylate/Acrylic Acid Copolymer;Avena Sativa (Oat) Kernel Extract;Acrylates/C10-30 Alkyl Acrylate Crosspolymer;Saccharomyces Cerevisiae Extract;Fragrance;Tromethamine;Sodium Hyaluronate;Cyathea Medullaris Leaf Extract;Xanthan Gum;Benzyl Benzoate;Ethylhexylglycerin;Limonene;Linalool;Geraniol;Citral;BHT,",,,,,,,,,,eye care,nan
Eye cream,ESTÉE LAUDER,DayWear Eye Cooling Anti-Oxidant Moisture GelCreme,40,3.7,"Daywear Eye Jelly Division: El (Estee Lauder)Ingredients: Water , Dimethicone , Butylene Glycol , Trisiloxane , Glycerin , Ammonium Acryloyldimethyltaurate/Vp Copolymer , Trehalose , Sucrose , Algae Extract , Cucumis Sativus (Cucumber) Fruit Extract , Ascophyllum Nodosum Extract , Asparagopsis Armata Extract , Ergothioneine , Thermus Thermophillus Ferment , Dipotassium Glycyrrhizate , Sodium Hyaluronate , Caffeine , Artemia Extract , Acetyl Glucosamine , Palmaria Palmata Extract , Hydrolyzed Rice Extract , Lauryl Pca , Oleth-10 , Lauryl Peg-9 Polydimethylsiloxyethyl Dimethicone , Sorbitol , Sodium Pca , Urea , Tetrahexyldecyl Ascorbate , Tocopheryl Acetate , Carbomer , Citric Acid , Polyquaternium-51 , Ethylbisiminomethylguaiacol Manganese Chloride , Potassium Sorbate , Cyclodextrin , Tromethamine , Disodium Edta , Bht , Phenoxyethanol , Yellow 5 (Ci 19140) , Blue 1 (Ci 42090)",1,1,1,1,0,daywear_eye_cooling_anti_oxidant_moisture_gelcreme,estée_lauder,eye_cream,estée_lauder_daywear_eye_cooling_anti_oxidant_moisture_gelcreme,,,,,,,,,,Daywear Eye Jelly Division: El (Estee Lauder)Ingredients: Water;Dimethicone;Butylene Glycol;Trisiloxane;Glycerin;Ammonium Acryloyldimethyltaurate/Vp Copolymer;Trehalose;Sucrose;Algae Extract;Cucumis Sativus (Cucumber) Fruit Extract;Ascophyllum Nodosum Extract;Asparagopsis Armata Extract;Ergothioneine;Thermus Thermophillus Ferment;Dipotassium Glycyrrhizate;Sodium Hyaluronate;Caffeine;Artemia Extract;Acetyl Glucosamine;Palmaria Palmata Extract;Hydrolyzed Rice Extract;Lauryl Pca;Oleth-10;Lauryl Peg-9 Polydimethylsiloxyethyl Dimethicone;Sorbitol;Sodium Pca;Urea;Tetrahexyldecyl Ascorbate;Tocopheryl Acetate;Carbomer;Citric Acid;Polyquaternium-51;Ethylbisiminomethylguaiacol Manganese Chloride;Potassium Sorbate;Cyclodextrin;Tromethamine;Disodium Edta;Bht;Phenoxyethanol;Yellow 5 (Ci 19140);Blue 1 (Ci 42090),0.0,4.0,803.0,3.75,0.5,Eye Care,80.0,93.75,0.5,eye care,nan
Eye cream,BIOEFFECT,EGF Eye Serum,90,5.0,"Water, Glycerin, Butylene Glycol, Carbomer, Sodium Chloride, Phenoxyethanol, Sodium Citrate, Sodium Dehydroacetate, Sodium Hyaluronate, Hordeum Vulgare Seed Extract, Egf (Barley Sh-Oligopeptide-1).",1,1,1,1,1,egf_eye_serum,bioeffect,eye_cream,bioeffect_egf_eye_serum,0.0,11.0,2913.0,4.8182,0.2,Eye Care,450.0,43.8,0.38,"Glycerin;Butylene Glycol;Carbomer;Sodium Chloride;Phenoxyethanol;Sodium Citrate;Sodium Dehydroacetate;Sodium Hyaluronate;Hordeum Vulgare Seed Extract;Egf (Barley Sh-Oligopeptide-1),",0.0,11.0,2913.0,4.8182,0.2,Eye Care,450.0,43.8,0.38,eye care,Very Low (0 - 3k)
Eye cream,PERRICONE MD,Vitamin C Ester Brightening Eye Serum,60,4.1,"Cyclotetrasiloxane, Cyclopentasiloxane, Tetrahexyldecyl Ascorbate, Squalane, Tocopheryl Acetate, Bisabolol, Elaeis Guineensis (Palm) Oil, Tocotrienols, Fragrance, Ethoxydiglycol, Tocopherol, Ascorbyl Palmitate, Dimethyl MEA (DMAE).",0,0,0,0,0,vitamin_c_ester_brightening_eye_serum,perricone_md,eye_cream,perricone_md_vitamin_c_ester_brightening_eye_serum,0.0,320.0,3109.0,4.0938,0.5,Eye Care,120.0,1.28,10.29,"Cyclotetrasiloxane;Cyclopentasiloxane;Tetrahexyldecyl Ascorbate;Squalane;Tocopheryl Acetate;Bisabolol;Elaeis Guineensis (Palm) Oil;Tocotrienols;Fragrance;Ethoxydiglycol;Tocopherol;Ascorbyl Palmitate;Dimethyl MEA (DMAE),",0.0,320.0,3109.0,4.0938,0.5,Eye Care,120.0,1.28,10.29,eye care,Very Low (0 - 3k)
Eye cream,PHILOSOPHY,Uplifting Miracle Worker Eye Cream,69,3.1,"Water, Glycerin, Butyrospermum Parkii (Shea) Butter, Caprylic/Capric Triglyceride, Dimethicone, Pentylene Glycol, Squalane, C10-18 Triglycerides, Paraffin, Cetyl Alcohol, Glyceryl Stearate, Acrylates Crosspolymer, Cetearyl Alcohol, Pvp, Helianthus Annuus (Sunflower) Seed Oil, Aluminum Starch Octenylsuccinate, Phenoxyethanol, Peg-75 Stearate, Xanthan Gum, Albizia Julibrissin Bark Extract, Acrylates/C10-30 Alkyl Acrylate Crosspolymer, Tocopheryl Acetate, Ceteth-20, Steareth-20, Microcristallina Cera/Microcrystalline Wax/Cire Microcrystalline, Glucosyl Hesperidin, Sorbitol, Disodium Edta, Sodium Hydroxide, Adenosine, Laminaria Digitata Extract, Secale Cereale (Rye) Seed Extract, Pseudoalteromonas Ferment Extract, Lecithin, Biosaccharide Gum-1, Sodium Benzoate, Citric Acid, Saccharide Isomerate, Caprylyl Glycol, Solum Diatomeae/Diatomaceous Earth/Terre De Diatomees, Hydrolyzed Yeast Protein, Potassium Sorbate, Glyceryl Caprylate, Salicylic Acid, Sigesbeckia Orientalis Extract, Tocopherol.",1,1,1,1,1,uplifting_miracle_worker_eye_cream,philosophy,eye_cream,philosophy_uplifting_miracle_worker_eye_cream,,,,,,,,,,"Glycerin;Butyrospermum Parkii (Shea) Butter;Caprylic/Capric Triglyceride;Dimethicone;Pentylene Glycol;Squalane;C10-18 Triglycerides;Paraffin;Cetyl Alcohol;Glyceryl Stearate;Acrylates Crosspolymer;Cetearyl Alcohol;Pvp;Helianthus Annuus (Sunflower) Seed Oil;Aluminum Starch Octenylsuccinate;Phenoxyethanol;Peg-75 Stearate;Xanthan Gum;Albizia Julibrissin Bark Extract;Acrylates/C10-30 Alkyl Acrylate Crosspolymer;Tocopheryl Acetate;Ceteth-20;Steareth-20;Microcristallina Cera/Microcrystalline Wax/Cire Microcrystalline;Glucosyl Hesperidin;Sorbitol;Disodium Edta;Sodium Hydroxide;Adenosine;Laminaria Digitata Extract;Secale Cereale (Rye) Seed Extract;Pseudoalteromonas Ferment Extract;Lecithin;Biosaccharide Gum-1;Sodium Benzoate;Citric Acid;Saccharide Isomerate;Caprylyl Glycol;Solum Diatomeae/Diatomaceous Earth/Terre De Diatomees;Hydrolyzed Yeast Protein;Potassium Sorbate;Glyceryl Caprylate;Salicylic Acid;Sigesbeckia Orientalis Extract;Tocopherol,",,,,,,,,,,eye care,nan
Eye cream,KENZOKI,Lotus Caress to Moisturize Eyes,35,3.5,"Water, Glycerin, Pentylene Glycol, Cetearyl Isononanoate, Ethylene/Acrylic Acid Copolymer, Neopentyl Glycol Dicaprylate/Dicaprate, Butylene Glycol, Nelumbo Nucifera Root Water, Phenoxyethanol, Hydroxyethyl Acrylate/Sodium Acryloyldimethyl Taurate Copolymer, Squalane, Methyl Gluceth-20, Sorbitol, Acrylates/C10-30 Alkyl Acrylate Crosspolymer, Poloxamer 407, Tocopheryl Acetate, Tromethamine, Fragrance, Algin, Polysorbate 60, Sodium Hyaluronate, Xanthan Gum, Saccharomyces Cerevisiae Extract, Polyvinyl Alcohol, Ophiopogon Japonicus Root Extract, Cellulose Gum, Fagus Sylvatica Bud Extract, Hexyl Cinnamal, Ethylhexylglycerin, Linalool, Alpha-Isomethyl Ionone, Nelumbo Nucifera Flower Extract, BHT, Tocopherol.",0,0,0,0,0,lotus_caress_to_moisturize_eyes,kenzoki,eye_cream,kenzoki_lotus_caress_to_moisturize_eyes,0.0,8.0,606.0,3.5,0.5,Eye Care,70.0,43.75,1.32,"Glycerin;Pentylene Glycol;Cetearyl Isononanoate;Ethylene/Acrylic Acid Copolymer;Neopentyl Glycol Dicaprylate/Dicaprate;Butylene Glycol;Nelumbo Nucifera Root Water;Phenoxyethanol;Hydroxyethyl Acrylate/Sodium Acryloyldimethyl Taurate Copolymer;Squalane;Methyl Gluceth-20;Sorbitol;Acrylates/C10-30 Alkyl Acrylate Crosspolymer;Poloxamer 407;Tocopheryl Acetate;Tromethamine;Fragrance;Algin;Polysorbate 60;Sodium Hyaluronate;Xanthan Gum;Saccharomyces Cerevisiae Extract;Polyvinyl Alcohol;Ophiopogon Japonicus Root Extract;Cellulose Gum;Fagus Sylvatica Bud Extract;Hexyl Cinnamal;Ethylhexylglycerin;Linalool;Alpha-Isomethyl Ionone;Nelumbo Nucifera Flower Extract;BHT;Tocopherol,",0.0,8.0,606.0,3.5,0.5,Eye Care,70.0,43.75,1.32,eye care,Very Low (0 - 3k)
Eye cream,SEPHORA COLLECTION,Eye Mask - Grape - Smoothing,5,0.0,"Water, Butylene Glycol, Glycerin, Aloe Barbadensis Leaf Juice, 1,2-Hexanediol, Hydroxyacetophenone, Glycosyl Trehalose, Xanthan Gum, Hydrolyzed Sclerotium Gum, Dipotassium Glycyrrhizate, (Fragrance), Phosphatidylcholine, Phenoxyethano, Polysorbate 80, Vitis Vinifera (Grape) Fruit Extract, Mesembryanthemum Crystallinum Callus Extract, Ascorbyl Palmitate, Citric Acid, Potassium Sorbate, Tocopheryl Acetate, Sodium Benzoate, Astaxanthin.",0,0,0,0,0,eye_mask_grape_smoothing,sephora_collection,eye_cream,sephora_collection_eye_mask_grape_smoothing,,,,,,,,,,"Butylene Glycol;Glycerin;Aloe Barbadensis Leaf Juice;1,2-Hexanediol;Hydroxyacetophenone;Glycosyl Trehalose;Xanthan Gum;Hydrolyzed Sclerotium Gum;Dipotassium Glycyrrhizate;(Fragrance);Phosphatidylcholine;Phenoxyethano;Polysorbate 80;Vitis Vinifera (Grape) Fruit Extract;Mesembryanthemum Crystallinum Callus Extract;Ascorbyl Palmitate;Citric Acid;Potassium Sorbate;Tocopheryl Acetate;Sodium Benzoate;Astaxanthin,",,,,,,,,,,eye care,nan
Eye cream,APIVITA,Express Beauty Mask With Ginkgo Biloba,30,4.0,"** Camelia Sinensis, Leaf Aqueous Infusion (Green tea water), * Certified organic cultivation.",0,0,0,0,0,express_beauty_mask_with_ginkgo_biloba,apivita,eye_cream,apivita_express_beauty_mask_with_ginkgo_biloba,,,,,,,,,,"** Camelia Sinensis;Leaf Aqueous Infusion (Green tea water);* Certified organic cultivation,",,,,,,,,,,eye care,nan
Eye cream,OMOROVICZA,Reviving Eye Cream,145,3.8,"Hungarian Thermal Water, Glycerin, Simmondsia Chinensis (Jojoba) Oil, Squalane, Cetearyl Ethylhexanoate, Stearyl Heptanoate, Cetearyl Olivate, Helianthus Annuus (Sunflower) Seed Oil, Sorbitan Oilivate, Butyrospermum Parkii (Shea) Butter, Caprylic/Capric Triglyceride, Cetearyl Alcohol, Phenoxyethanol, Mannitol, Ascorbyl Tetraisopalmitate, Benzyl Alcohol, Calendula Officinalis Flower Extract, Laminaria Digitata Extract, Prunus Armeniaca (Apricot) Kernel Oil, Prunus Domestica Seed Extract, Pyrus Malus (Apple) Fruit Extract, Ethylhexylglycerin, Disodium EDTA, Tocopherol, Xanthan Gum, Yeast Extract, Chlorella Vulgaris/Lupinus Albus Proteine Ferment, Pectin, Lactic Acid, Potassium Sorbate.",0,0,0,0,0,reviving_eye_cream,omorovicza,eye_cream,omorovicza_reviving_eye_cream,1.0,16.0,1679.0,3.75,0.5,Eye Care,290.0,23.44,0.95,"Hungarian Thermal Water;Glycerin;Simmondsia Chinensis (Jojoba) Oil;Squalane;Cetearyl Ethylhexanoate;Stearyl Heptanoate;Cetearyl Olivate;Helianthus Annuus (Sunflower) Seed Oil;Sorbitan Oilivate;Butyrospermum Parkii (Shea) Butter;Caprylic/Capric Triglyceride;Cetearyl Alcohol;Phenoxyethanol;Mannitol;Ascorbyl Tetraisopalmitate;Benzyl Alcohol;Calendula Officinalis Flower Extract;Laminaria Digitata Extract;Prunus Armeniaca (Apricot) Kernel Oil;Prunus Domestica Seed Extract;Pyrus Malus (Apple) Fruit Extract;Ethylhexylglycerin;Disodium EDTA;Tocopherol;Xanthan Gum;Yeast Extract;Chlorella Vulgaris/Lupinus Albus Proteine Ferment;Pectin;Lactic Acid;Potassium Sorbate,",1.0,16.0,1679.0,3.75,0.5,Eye Care,290.0,23.44,0.95,eye care,Very Low (0 - 3k)
Eye cream,REN CLEAN SKINCARE,Vita Mineral™ Active 7 Eye Gel,30,3.7,"Rosa Damascena Flower Water, Glycerin, Hydrolyzed Glycosaminoglycans, Zostera Marina Pectin, Arnica Montana Flower Extract, Laminaria Digitata Extract, Carbomer, Ficus Carica (Fig) Fruit Extract, Phenoxyethanol, Panax Ginseng Root Extact, Faex (Yeast) Extract, Rumex Occidentalis Extract, Gynostemma Pentaphyllum Leaf Extract, Sodium Hydroxymethylglycinate, Sodium Hydroxide, Sodium Benzoate, Xanthan Gum, Potassium Sorbate.",0,0,0,0,0,vita_mineral_active_7_eye_gel,ren_clean_skincare,eye_cream,ren_clean_skincare_vita_mineral_active_7_eye_gel,,,,,,,,,,"Rosa Damascena Flower Water;Glycerin;Hydrolyzed Glycosaminoglycans;Zostera Marina Pectin;Arnica Montana Flower Extract;Laminaria Digitata Extract;Carbomer;Ficus Carica (Fig) Fruit Extract;Phenoxyethanol;Panax Ginseng Root Extact;Faex (Yeast) Extract;Rumex Occidentalis Extract;Gynostemma Pentaphyllum Leaf Extract;Sodium Hydroxymethylglycinate;Sodium Hydroxide;Sodium Benzoate;Xanthan Gum;Potassium Sorbate,",1.0,144.0,3065.0,3.7361,0.5,,68.0,2.59,4.7,eye care,nan
Sun protect,LAURA MERCIER,Tinted Moisturizer Broad Spectrum SPF 20,45,4.4,Visit the Laura Mercier boutique,0,0,0,0,0,tinted_moisturizer_broad_spectrum_spf_20,laura_mercier,sun_protect,laura_mercier_tinted_moisturizer_broad_spectrum_spf_20,,,,,,,,,,Visit the Laura Mercier boutique,,,,,,,,,,sun protect,nan
Sun protect,LAURA MERCIER,Tinted Moisturizer Broad Spectrum SPF 20 - Oil Free,45,4.3,Visit the Laura Mercier boutique,0,0,0,0,0,tinted_moisturizer_broad_spectrum_spf_20_oil_free,laura_mercier,sun_protect,laura_mercier_tinted_moisturizer_broad_spectrum_spf_20_oil_free,,,,,,,,,,Visit the Laura Mercier boutique,,,,,,,,,,sun protect,nan
Sun protect,SHISEIDO,Urban Environment Oil-Free UV Protector Broad Spectrum SPF 42 For Face,34,4.5,"Water, Dimethicone, Isododecane, Sd Alcohol 40-B, Dipropylene Glycol, Ethylhexyl Palmitate, Peg-10 Dimethicone, Glycerin, Polymethylsilsesquioxane, Vinyl Dimethicone/Methicone Silsesquioxane Crosspolymer, Polybutylene Glycol/Ppg-9/1 Copolymer, Dimethicone/Vinyl Dimethicone Crosspolymer, Xylitol, Methyl Methacrylate Crosspolymer, Thiotaurine, Scutellaria Baicalensis Root Extract, Paeonia Albiflora Root Extract, Ononis Spinosa Root Extract, Ectoin, Lauryl Peg-9 Polydimethylsiloxyethyl Dimethicone, Hydrogen Dimethicone, Butylene Glycol, Disodium Edta, Disteardimonium Hectorite, Alumina, Bht, Triethoxycaprylylsilane, Syzygium Jambos Leaf Extract, Tocopherol, Phenoxyethanol, Benzoic Acid, Fragrance, Titanium Dioxide, Mica.",1,0,1,1,0,urban_environment_oil_free_uv_protector_broad_spectrum_spf_42_for_face,shiseido,sun_protect,shiseido_urban_environment_oil_free_uv_protector_broad_spectrum_spf_42_for_face,,,,,,,,,,"Dimethicone;Isododecane;Sd Alcohol 40-B;Dipropylene Glycol;Ethylhexyl Palmitate;Peg-10 Dimethicone;Glycerin;Polymethylsilsesquioxane;Vinyl Dimethicone/Methicone Silsesquioxane Crosspolymer;Polybutylene Glycol/Ppg-9/1 Copolymer;Dimethicone/Vinyl Dimethicone Crosspolymer;Xylitol;Methyl Methacrylate Crosspolymer;Thiotaurine;Scutellaria Baicalensis Root Extract;Paeonia Albiflora Root Extract;Ononis Spinosa Root Extract;Ectoin;Lauryl Peg-9 Polydimethylsiloxyethyl Dimethicone;Hydrogen Dimethicone;Butylene Glycol;Disodium Edta;Disteardimonium Hectorite;Alumina;Bht;Triethoxycaprylylsilane;Syzygium Jambos Leaf Extract;Tocopherol;Phenoxyethanol;Benzoic Acid;Fragrance;Titanium Dioxide;Mica,",,,,,,,,,,sun protect,nan
Sun protect,NARS,Pure Radiant Tinted Moisturizer Broad Spectrum SPF 30,45,4.4,Visit the NARS boutique,0,0,0,0,0,pure_radiant_tinted_moisturizer_broad_spectrum_spf_30,nars,sun_protect,nars_pure_radiant_tinted_moisturizer_broad_spectrum_spf_30,,,,,,,,,,Visit the NARS boutique,0.0,2000.0,120569.0,3.9608,,,,0.2,1.66,sun protect,nan
Sun protect,SUPERGOOP!,Unseen Sunscreen Broad Spectrum SPF 40,32,4.5,"Isododecane, Dimethicone Crosspolymer, Dimethicone/Bis-Isobutyl PPG-20 Crosspolymer, Isohexadecane, Dicaprylyl Carbonate, Meadowfoam Estolide, Polyester-8, Polymethylsilsesquioxane, Caprylic/Capric Triglyceride, Lithothamnion Calcareum Extract, Butyrospermum Parkii (Shea) Butter, Jojoba Esters, Diethylhexyl Syringylidenemalonate, Mannitol, Olibanum, Lecithin, Microcrystalline Cellulose, Diatomaceous Earth, Zinc Sulfate, Silica, Tocopherol.",1,1,1,1,0,unseen_sunscreen_broad_spectrum_spf_40,supergoop!,sun_protect,supergoop!_unseen_sunscreen_broad_spectrum_spf_40,,,,,,,,,,"Isododecane;Dimethicone Crosspolymer;Dimethicone/Bis-Isobutyl PPG-20 Crosspolymer;Isohexadecane;Dicaprylyl Carbonate;Meadowfoam Estolide;Polyester-8;Polymethylsilsesquioxane;Caprylic/Capric Triglyceride;Lithothamnion Calcareum Extract;Butyrospermum Parkii (Shea) Butter;Jojoba Esters;Diethylhexyl Syringylidenemalonate;Mannitol;Olibanum;Lecithin;Microcrystalline Cellulose;Diatomaceous Earth;Zinc Sulfate;Silica;Tocopherol,",,,,,,,,,,sun protect,nan
Sun protect,LAURA MERCIER,Tinted Moisturizer SPF 20 - Illuminating,45,4.4,"Water, Dimethicone, Cetearyl Alcohol, Hydrogenated Polyisobutene, Xylitylglucoside, PEG-40 Castor Oil, Polyglyceryl-4 Isostearate, Cyclopentasiloxane, Potassium Cetyl Phosphate, Hexyl Laurate, Anhydroxylitol, Sodium Hyaluronate, Tocopheryl Acetate, Sodium Ascorbate, Camellia Sinensis Leaf Extract, Hydrogenated Olive Oil, Butyrospermum Parkii (Shea Butter), XYlitol, Copper Gluconate, Allantoin, Dipotassium Glycyrrhizate, Cetyl PEG/PPG-10/1 Dimethicone, Polysorbate 60, Phenoxyethanol, Butylene Glycol, Tribehenin, Sodium Dehydroacetate, Carbomer, Aminomethyl Propanol, Tetrasodium EDTA, Magnesium Aluminum Silicate. (+/-): Titanium Dioxide, Iron Oxides, Mica, Tin Oxide.",0,0,0,0,0,tinted_moisturizer_spf_20_illuminating,laura_mercier,sun_protect,laura_mercier_tinted_moisturizer_spf_20_illuminating,,,,,,,,,,"Dimethicone;Cetearyl Alcohol;Hydrogenated Polyisobutene;Xylitylglucoside;PEG-40 Castor Oil;Polyglyceryl-4 Isostearate;Cyclopentasiloxane;Potassium Cetyl Phosphate;Hexyl Laurate;Anhydroxylitol;Sodium Hyaluronate;Tocopheryl Acetate;Sodium Ascorbate;Camellia Sinensis Leaf Extract;Hydrogenated Olive Oil;Butyrospermum Parkii (Shea Butter);XYlitol;Copper Gluconate;Allantoin;Dipotassium Glycyrrhizate;Cetyl PEG/PPG-10/1 Dimethicone;Polysorbate 60;Phenoxyethanol;Butylene Glycol;Tribehenin;Sodium Dehydroacetate;Carbomer;Aminomethyl Propanol;Tetrasodium EDTA;Magnesium Aluminum Silicate, (+/-): Titanium Dioxide;Iron Oxides;Mica;Tin Oxide,",,,,,,,,,,sun protect,nan
Sun protect,TATCHA,Silken Pore Perfecting Sunscreen Broad Spectrum SPF 35 PA+++,65,4.5,"Water, Isododecane, Cyclopentasiloxane, Propanediol, Hdi/Trimethylol Hexyllactone Crosspolymer, Glycerin, Dimethicone, Octyldodecyl Neopentanoate, Behenyl Alcohol, Dimethicone/Vinyl Dimethicone Crosspolymer, Rosa Multiflora Fruit Extract, Eriobotrya Japonica Leaf Extract, Stearyl Glycyrrhetinate, Glycyrrhiza Inflata Root Extract, Camellia Sinensis Leaf Extract, Pistacia Lentiscus (Mastic) Gum, Sericin, Algae Extract, Lecithin, Inositol, Polyhydroxystearic Acid, Sorbitan Tristearate, Sodium Dilauramidoglutamide Lysine, Silica, Potassium Sorbate, Beheneth-20, Sodium Acrylate/Acryloyldimethyltaurate/Dimethylacrylamide Crosspolymer, Polymethylsilsesquioxane, Methicone, Trimethylsiloxysilicate, Dimethiconol, Disodium Edta, Fragrance, Ethylhexylglycerin, Alcohol, Phenoxyethanol, Iron Oxides (Ci77491), Tin Oxide (Ci 77861), Mica (Ci 77019), Titanium Dioxide (Ci 77891).",1,1,1,1,1,silken_pore_perfecting_sunscreen_broad_spectrum_spf_35_pa,tatcha,sun_protect,tatcha_silken_pore_perfecting_sunscreen_broad_spectrum_spf_35_pa,,,,,,,,,,"Isododecane;Cyclopentasiloxane;Propanediol;Hdi/Trimethylol Hexyllactone Crosspolymer;Glycerin;Dimethicone;Octyldodecyl Neopentanoate;Behenyl Alcohol;Dimethicone/Vinyl Dimethicone Crosspolymer;Rosa Multiflora Fruit Extract;Eriobotrya Japonica Leaf Extract;Stearyl Glycyrrhetinate;Glycyrrhiza Inflata Root Extract;Camellia Sinensis Leaf Extract;Pistacia Lentiscus (Mastic) Gum;Sericin;Algae Extract;Lecithin;Inositol;Polyhydroxystearic Acid;Sorbitan Tristearate;Sodium Dilauramidoglutamide Lysine;Silica;Potassium Sorbate;Beheneth-20;Sodium Acrylate/Acryloyldimethyltaurate/Dimethylacrylamide Crosspolymer;Polymethylsilsesquioxane;Methicone;Trimethylsiloxysilicate;Dimethiconol;Disodium Edta;Fragrance;Ethylhexylglycerin;Alcohol;Phenoxyethanol;Iron Oxides (Ci77491);Tin Oxide (Ci 77861);Mica (Ci 77019);Titanium Dioxide (Ci 77891),",,,,,,,,,,sun protect,nan
Sun protect,SHISEIDO,Ultimate Sun Protection Lotion WetForce SPF 50+,40,3.7,"Water, Dimethicone, Sd Alcohol 40-B, Talc, Methyl Methacrylate Crosspolymer, Isododecane, Cetyl Ethylhexanoate, Diisopropyl Sebacate, Triethylhexanoin, Lauryl Peg-9 Polydimethylsiloxyethyl Dimethicone, Glycerin, Dextrin Palmitate, Sucrose Tetrastearate Triacetate, Polybutylene Glycol/Ppg-9/1 Copolymer, Trimethylsiloxysilicate, Xylitol, Silica, Sodium Chloride, Peg/Ppg-14/7 Dimethyl Ether, Saxifraga Sarmentosa Extract, Sophora Angustifolia Root Extract, Disteardimonium Hectorite, Isostearic Acid, Calcium Stearate, Trisodium Edta, Vinyl Dimethicone/Methicone Silsesquioxane Crosspolymer, Alcohol, Bht, Butylene Glycol, Stearic Acid, Sodium Metabisulfite, Syzygium Jambos Leaf Extract, Tocopherol, Polysilicone-2, Methylparaben, Fragrance, Iron Oxides.",1,1,1,1,1,ultimate_sun_protection_lotion_wetforce_spf_50,shiseido,sun_protect,shiseido_ultimate_sun_protection_lotion_wetforce_spf_50,,,,,,,,,,"Dimethicone;Sd Alcohol 40-B;Talc;Methyl Methacrylate Crosspolymer;Isododecane;Cetyl Ethylhexanoate;Diisopropyl Sebacate;Triethylhexanoin;Lauryl Peg-9 Polydimethylsiloxyethyl Dimethicone;Glycerin;Dextrin Palmitate;Sucrose Tetrastearate Triacetate;Polybutylene Glycol/Ppg-9/1 Copolymer;Trimethylsiloxysilicate;Xylitol;Silica;Sodium Chloride;Peg/Ppg-14/7 Dimethyl Ether;Saxifraga Sarmentosa Extract;Sophora Angustifolia Root Extract;Disteardimonium Hectorite;Isostearic Acid;Calcium Stearate;Trisodium Edta;Vinyl Dimethicone/Methicone Silsesquioxane Crosspolymer;Alcohol;Bht;Butylene Glycol;Stearic Acid;Sodium Metabisulfite;Syzygium Jambos Leaf Extract;Tocopherol;Polysilicone-2;Methylparaben;Fragrance;Iron Oxides,",,,,,,,,,,sun protect,nan
Sun protect,SUPERGOOP!,Everyday Sunscreen Broad Spectrum SPF 50,19,4.3,"Water, Isododecane, Polyester-8, Glycerin, Cetyl PEG/PPG-10/1 Dimethicone, Potassium Cetyl Phosphate, Phenoxyethanol, Cetearyl Alcohol, Diisopropyl Sebacate, Isodecyl Neopentanoate, Lauryl Lactate, Ammonium Acryloyldimethyltaurate/VP Copolymer, Diethylhexyl, Syringylidenemalonate, Acrylates Copolymer, Cetyl Alcohol, Behenyl Alcohol, Ethylhexylglycerin, Glyceryl Stearate, Chlorphenesin, Xanthan Gum, Caprylyl Glycol, Palmitic Acid, Stearic Acid, Behenic Acid, Cetyl Behenate, Isostearyl Isostearate, Lauryl Alcohol, Myristyl Alcohol, Aniba Rosaeodora (Rosewood) Wood Oil, Citrus Aurantium Dulcis (Orange) Peel Oil, Citrus Limon (Lemon) Peel Oil, Eucalyptus Globulus Leaf Oil, Ocimum Basilicum (Basil) Flower/Leaf Extract, Pelargonium Graveolens Flower Oil, Pogostemon Cablin Oil, Limonene, Allantoin, Disodium EDTA, Thermus Thermophillus Ferment, Lecithin,Pentylene Glycol, Panthenol, Sodium Hydroxide, BHT, Cassia Alata Leaf Extract, Maltodextrin, Geraniol, Citral, 1,2-Hexanediol, Beta-Glucan, Citric Acid, Sodium Benzoate, Tocopherol, Potassium Sorbate.'[product copy_0328_TJ.xls]Product'!$H$23",1,1,1,1,0,everyday_sunscreen_broad_spectrum_spf_50,supergoop!,sun_protect,supergoop!_everyday_sunscreen_broad_spectrum_spf_50,1.0,388.0,30550.0,4.3196,2.4,Moisturizers,7.92,1.11,1.27,"Isododecane;Polyester-8;Glycerin;Cetyl PEG/PPG-10/1 Dimethicone;Potassium Cetyl Phosphate;Phenoxyethanol;Cetearyl Alcohol;Diisopropyl Sebacate;Isodecyl Neopentanoate;Lauryl Lactate;Ammonium Acryloyldimethyltaurate/VP Copolymer;Diethylhexyl;Syringylidenemalonate;Acrylates Copolymer;Cetyl Alcohol;Behenyl Alcohol;Ethylhexylglycerin;Glyceryl Stearate;Chlorphenesin;Xanthan Gum;Caprylyl Glycol;Palmitic Acid;Stearic Acid;Behenic Acid;Cetyl Behenate;Isostearyl Isostearate;Lauryl Alcohol;Myristyl Alcohol;Aniba Rosaeodora (Rosewood) Wood Oil;Citrus Aurantium Dulcis (Orange) Peel Oil;Citrus Limon (Lemon) Peel Oil;Eucalyptus Globulus Leaf Oil;Ocimum Basilicum (Basil) Flower/Leaf Extract;Pelargonium Graveolens Flower Oil;Pogostemon Cablin Oil;Limonene;Allantoin;Disodium EDTA;Thermus Thermophillus Ferment;Lecithin;Pentylene Glycol;Panthenol;Sodium Hydroxide;BHT;Cassia Alata Leaf Extract;Maltodextrin;Geraniol;Citral;1,2-Hexanediol;Beta-Glucan;Citric Acid;Sodium Benzoate;Tocopherol;Potassium Sorbate,'[product copy_0328_TJ,xls]Product'!$H$23",1.0,388.0,30550.0,4.3196,2.4,Moisturizers,7.92,1.11,1.27,sun protect,Very High (26k - 193k)
Sun protect,KIEHL'S SINCE 1851,Super Fluid Daily UV Defense Sunscreen Broad Spectrum SPF 50+,61,4.4,"Water, Cyclopentasiloxane, Alcohol Denat., Silica, Dicaprylyl Ether, Styrene/Acrylates Copolymer, PEG-30 Dipolyhydroxystearate, Dimethicone, Cyclohexasiloxane, Polymethylsilsesquioxane, Nylon-12, Dicaprylyl Carbonate, Phenoxyethanol, Lauryl PEG/PPG-18/18 Methicone, Sodium Chloride, Caprylyl Glycol, PEG-8 Laurate, Poly C10-30 Alkyl Acrylate, Disteardimonium Hectorite, Tocopherol, Isostearyl Alcohol, P-Anisic Acid, Disodium EDTA, Dodecene, Poloxamer 407.",1,1,1,1,1,super_fluid_daily_uv_defense_sunscreen_broad_spectrum_spf_50,kiehl's_since_1851,sun_protect,kiehl's_since_1851_super_fluid_daily_uv_defense_sunscreen_broad_spectrum_spf_50,,,,,,,,,,"Cyclopentasiloxane;Alcohol Denat,;Silica;Dicaprylyl Ether;Styrene/Acrylates Copolymer;PEG-30 Dipolyhydroxystearate;Dimethicone;Cyclohexasiloxane;Polymethylsilsesquioxane;Nylon-12;Dicaprylyl Carbonate;Phenoxyethanol;Lauryl PEG/PPG-18/18 Methicone;Sodium Chloride;Caprylyl Glycol;PEG-8 Laurate;Poly C10-30 Alkyl Acrylate;Disteardimonium Hectorite;Tocopherol;Isostearyl Alcohol;P-Anisic Acid;Disodium EDTA;Dodecene;Poloxamer 407,",,,,,,,,,,sun protect,nan
Sun protect,LANCÔME,BIENFAIT UV SPF 50+ Super Fluid Facial Sunscreen,40,4.4,"Water, Cyclopentasiloxane, Alcohol Denat., Silica, Dicaprylyl Ether, Styrene/Acrylates Copolymer, Diethylhexyl Syringylidenemalonate, Peg-30 Dipolyhydroxystearate, Dimethicone, Cyclohexasiloxane, Polymethylsilsesquioxane, Nylon-12, Dicaprylyl Carbonate, Phenoxyethanol, Lauryl Peg/Ppg-18/18 Methicone, Sodium Chloride, Caprylyl Glycol, Methylparaben, Poly C10-30 Alkyl Acrylate, Disteardimonium Hectorite, Disodium EDTA, Dodecene, Poloxamer 407.",0,0,0,0,0,bienfait_uv_spf_50_super_fluid_facial_sunscreen,lancôme,sun_protect,lancôme_bienfait_uv_spf_50_super_fluid_facial_sunscreen,,,,,,,,,,"Cyclopentasiloxane;Alcohol Denat,;Silica;Dicaprylyl Ether;Styrene/Acrylates Copolymer;Diethylhexyl Syringylidenemalonate;Peg-30 Dipolyhydroxystearate;Dimethicone;Cyclohexasiloxane;Polymethylsilsesquioxane;Nylon-12;Dicaprylyl Carbonate;Phenoxyethanol;Lauryl Peg/Ppg-18/18 Methicone;Sodium Chloride;Caprylyl Glycol;Methylparaben;Poly C10-30 Alkyl Acrylate;Disteardimonium Hectorite;Disodium EDTA;Dodecene;Poloxamer 407,",,,,,,,,,,sun protect,nan
Sun protect,NEOGEN DERMALOGY,Day-Light Protection Sun Screen SPF 50 PA+++,30,4.6,"Water, Ethylhexyl Methoxycinnamate, Glycerin, Butylene Glycol, Bis-Ethylhexyloxyphenol Methoxyphenyl Triazine, Zinc Oxide, C12-15 Alkyl Benzoate, Hexanediol, Isoamyl P-Methoxycinnamate, Dicaprylyl Carbonate, Titanium Dioxide, Cetearyl Alcohol, Xanthan Gum, Polysorbate 20, Sodium Hyaluronate, Glyceryl Stearate, Peg-100 Stearate, Acrylates/C10-30 Alkyl Acrylate Crosspolymer, Portulaca Oleracea Extract, Lavandula Angustifolia (Lavender) Oil, Phyllanthus Emblica Fruit Extract, Rubus Idaeus(Raspberry) Fruit Extract, Vaccinium Angustifolium (Blueberry) Fruit Extract, Euterpe Oleracea Fruit Extract, Ammonium Acryloyldimethyltaurate/Vp Copolymer, Carbomer, Lippia Citriodora Leaf Extract, Rosa Damascena Flower Extract, Tocopheryl Acetate, Angelica Archangelica Root Extract, Beta-Glucan, Hibiscus Sabdariffa Flower Extract, Artemisia Absinthium Extract, Arnica Montana Flower Extract, Polyhydroxystearic Acid, Alumina, Gentiana Lutea Root Extract, Achillea Millefolium Extract, Litsea Cubeba Fruit Oil, Citrus Limon (Lomon) Fruit Oil, Eucalyptus Globulus Leaf Oil, Cedrus Atlantica Wood Oil, Disodium Edta, Potassium Hydroxide, Citrus Aurantium Dulcis(Orange) Oil, Aluminum Stearate.",1,1,1,1,1,day_light_protection_sun_screen_spf_50_pa,neogen_dermalogy,sun_protect,neogen_dermalogy_day_light_protection_sun_screen_spf_50_pa,,,,,,,,,,"Ethylhexyl Methoxycinnamate;Glycerin;Butylene Glycol;Bis-Ethylhexyloxyphenol Methoxyphenyl Triazine;Zinc Oxide;C12-15 Alkyl Benzoate;Hexanediol;Isoamyl P-Methoxycinnamate;Dicaprylyl Carbonate;Titanium Dioxide;Cetearyl Alcohol;Xanthan Gum;Polysorbate 20;Sodium Hyaluronate;Glyceryl Stearate;Peg-100 Stearate;Acrylates/C10-30 Alkyl Acrylate Crosspolymer;Portulaca Oleracea Extract;Lavandula Angustifolia (Lavender) Oil;Phyllanthus Emblica Fruit Extract;Rubus Idaeus(Raspberry) Fruit Extract;Vaccinium Angustifolium (Blueberry) Fruit Extract;Euterpe Oleracea Fruit Extract;Ammonium Acryloyldimethyltaurate/Vp Copolymer;Carbomer;Lippia Citriodora Leaf Extract;Rosa Damascena Flower Extract;Tocopheryl Acetate;Angelica Archangelica Root Extract;Beta-Glucan;Hibiscus Sabdariffa Flower Extract;Artemisia Absinthium Extract;Arnica Montana Flower Extract;Polyhydroxystearic Acid;Alumina;Gentiana Lutea Root Extract;Achillea Millefolium Extract;Litsea Cubeba Fruit Oil;Citrus Limon (Lomon) Fruit Oil;Eucalyptus Globulus Leaf Oil;Cedrus Atlantica Wood Oil;Disodium Edta;Potassium Hydroxide;Citrus Aurantium Dulcis(Orange) Oil;Aluminum Stearate,",,,,,,,,,,sun protect,nan
Sun protect,MURAD,City Skin Age Defense Broad Spectrum SPF 50 PA++++,65,4.7,"Water, Cyclopentasiloxane, Dimethicone, Glycerin, C12-15 Alkyl Benzoate, Argania Spinosa Kernel Oil, Tocopheryl Acetate, Polyurethane-35, Polyglyceryl-3 Polydimethylsiloxyethyl Dimethicone, Polymethylsilsesquioxane, Avena Sativa (Oat) Kernel Extract, Xanthophyll, Retinyl Palmitate, Ascorbic Acid, Bisabolol, Hydrolyzed Jojoba Esters, Urea, Yeast Amino Acids, Trehalose, Inositol, Taurine, Betaine, Biosaccharide Gum-4, Hydroxyphenyl Propamidobenzoic Acid, Silica, Tapioca Starch, Sucrose, Pentylene Glycol, Butylene Glycol, Stearic Acid, Dimethicone/PEG-10/15 Crosspolymer, Dimethicone/Vinyl Dimethicone Crosspolymer, Lauryl PEG-9 Polydimethylsiloxyethyl Dimethicone, PEG-8 Dimethicone, Octyldodecanol, Sodium Propoxyhydroxypropyl Thiosulfate Silica, Triethoxysilylethyl Polydimethylsiloxyethyl Hexyl Dimethicone, Aluminum Hydroxide, PEG/PPG-18/18 Dimethicone, Triethoxycaprylylsilane, Phenoxyethanol, Ethylhexylglycerin, Iron Oxides (CI 77491).",1,1,1,0,1,city_skin_age_defense_broad_spectrum_spf_50_pa,murad,sun_protect,murad_city_skin_age_defense_broad_spectrum_spf_50_pa,,,,,,,,,,"Cyclopentasiloxane;Dimethicone;Glycerin;C12-15 Alkyl Benzoate;Argania Spinosa Kernel Oil;Tocopheryl Acetate;Polyurethane-35;Polyglyceryl-3 Polydimethylsiloxyethyl Dimethicone;Polymethylsilsesquioxane;Avena Sativa (Oat) Kernel Extract;Xanthophyll;Retinyl Palmitate;Ascorbic Acid;Bisabolol;Hydrolyzed Jojoba Esters;Urea;Yeast Amino Acids;Trehalose;Inositol;Taurine;Betaine;Biosaccharide Gum-4;Hydroxyphenyl Propamidobenzoic Acid;Silica;Tapioca Starch;Sucrose;Pentylene Glycol;Butylene Glycol;Stearic Acid;Dimethicone/PEG-10/15 Crosspolymer;Dimethicone/Vinyl Dimethicone Crosspolymer;Lauryl PEG-9 Polydimethylsiloxyethyl Dimethicone;PEG-8 Dimethicone;Octyldodecanol;Sodium Propoxyhydroxypropyl Thiosulfate Silica;Triethoxysilylethyl Polydimethylsiloxyethyl Hexyl Dimethicone;Aluminum Hydroxide;PEG/PPG-18/18 Dimethicone;Triethoxycaprylylsilane;Phenoxyethanol;Ethylhexylglycerin;Iron Oxides (CI 77491),",,,,,,,,,,sun protect,nan
Sun protect,DRUNK ELEPHANT,Umbra™ Sheer Physical Daily Defense Broad Spectrum Sunscreen SPF 30,34,3.3,"Water, Caprylic/Capric Triglyceride, Dicaprylyl Carbonate, Glycerin, Pentylene Glycol, Steareth-2, Propanediol, Steareth-21, Polyhydroxystearic Acid, Cetearyl Alcohol, Silica, Sclerocarya Birrea Seed Oil, Aloe Barbadensis Leaf Extract, Chondrus Crispus Extract, Haematococcus Pluvialis Extract, Helianthus Annuus (Sunflower) Sprout Extract, Vitis Vinifera (Grape) Juice Extract, Helianthus Annuus (Sunflower) Seed Oil, Simmondsia Chinensis (Jojoba) Seed Oil, Raspberry Seed Oil/Tocopheryl Succinate Aminopropanediol Esters, Hydrolyzed Wheat Protein, Tocopheryl Acetate, Tocopherol, Sea Water, Acetyl Glucosamine, Cetearyl Glucoside, Sodium Stearoyl Glutamate, Tetrahexyldecyl Ascorbate, Glycine, Sucrose, Lecithin, Triethoxycaprylylsilane, Xanthan Gum, Trisodium Ethylenediamine Disuccinate, Caprylhydroxamic Acid, Mica, Caprylyl Glycol, Phenoxyethanol, Titanium Dioxide (CI 77891), Iron Oxides (CI 77491).",1,1,1,1,1,umbra_sheer_physical_daily_defense_broad_spectrum_sunscreen_spf_30,drunk_elephant,sun_protect,drunk_elephant_umbra_sheer_physical_daily_defense_broad_spectrum_sunscreen_spf_30,,,,,,,,,,"Caprylic/Capric Triglyceride;Dicaprylyl Carbonate;Glycerin;Pentylene Glycol;Steareth-2;Propanediol;Steareth-21;Polyhydroxystearic Acid;Cetearyl Alcohol;Silica;Sclerocarya Birrea Seed Oil;Aloe Barbadensis Leaf Extract;Chondrus Crispus Extract;Haematococcus Pluvialis Extract;Helianthus Annuus (Sunflower) Sprout Extract;Vitis Vinifera (Grape) Juice Extract;Helianthus Annuus (Sunflower) Seed Oil;Simmondsia Chinensis (Jojoba) Seed Oil;Raspberry Seed Oil/Tocopheryl Succinate Aminopropanediol Esters;Hydrolyzed Wheat Protein;Tocopheryl Acetate;Tocopherol;Sea Water;Acetyl Glucosamine;Cetearyl Glucoside;Sodium Stearoyl Glutamate;Tetrahexyldecyl Ascorbate;Glycine;Sucrose;Lecithin;Triethoxycaprylylsilane;Xanthan Gum;Trisodium Ethylenediamine Disuccinate;Caprylhydroxamic Acid;Mica;Caprylyl Glycol;Phenoxyethanol;Titanium Dioxide (CI 77891);Iron Oxides (CI 77491),",,,,,,,,,,sun protect,nan
Sun protect,DRUNK ELEPHANT,Umbra Tinte™ Physical Daily Defense Broad Spectrum Sunscreen SPF 30,36,3.6,"Water, Caprylic/Capric Triglyceride, Dicaprylyl Carbonate, Glycerin, Pentylene Glycol, Steareth-2, Propanediol, Steareth-21, Polyhydroxystearic Acid, Cetearyl Alcohol, Silica, Sclerocarya Birrea Seed Oil, Aloe Barbadensis Leaf Extract, Chondrus Crispus Extract, Haematococcus Pluvialis Extract, Helianthus Annuus (Sunflower) Sprout Extract, Vitis Vinifera (Grape) Juice Extract, Helianthus Annuus (Sunflower) Seed Oil, Simmondsia Chinensis (Jojoba) Seed Oil, Raspberry Seed Oil/Tocopheryl Succinate Aminopropanediol Esters, Hydrolyzed Wheat Protein, Tocopheryl Acetate, Tocopherol, Sea Water, Acetyl Glucosamine, Cetearyl Glucoside, Sodium Stearoyl Glutamate, Tetrahexyldecyl Ascorbate, Glycine, Sucrose, Sodium C14•16 Olefin Sulfonate, Lecithin, Triethoxycaprylylsilane, Xanthan Gum, Trisodium Ethylenediamine Disuccinate, Caprylhydroxamic Acid, Mica, Caprylyl Glycol, Phenoxyethanol, Titanium Dioxide (CI 77891), Iron Oxides (CI 77491, CI 77492, CI 77499).",1,1,1,1,1,umbra_tinte_physical_daily_defense_broad_spectrum_sunscreen_spf_30,drunk_elephant,sun_protect,drunk_elephant_umbra_tinte_physical_daily_defense_broad_spectrum_sunscreen_spf_30,,,,,,,,,,"Caprylic/Capric Triglyceride;Dicaprylyl Carbonate;Glycerin;Pentylene Glycol;Steareth-2;Propanediol;Steareth-21;Polyhydroxystearic Acid;Cetearyl Alcohol;Silica;Sclerocarya Birrea Seed Oil;Aloe Barbadensis Leaf Extract;Chondrus Crispus Extract;Haematococcus Pluvialis Extract;Helianthus Annuus (Sunflower) Sprout Extract;Vitis Vinifera (Grape) Juice Extract;Helianthus Annuus (Sunflower) Seed Oil;Simmondsia Chinensis (Jojoba) Seed Oil;Raspberry Seed Oil/Tocopheryl Succinate Aminopropanediol Esters;Hydrolyzed Wheat Protein;Tocopheryl Acetate;Tocopherol;Sea Water;Acetyl Glucosamine;Cetearyl Glucoside;Sodium Stearoyl Glutamate;Tetrahexyldecyl Ascorbate;Glycine;Sucrose;Sodium C14•16 Olefin Sulfonate;Lecithin;Triethoxycaprylylsilane;Xanthan Gum;Trisodium Ethylenediamine Disuccinate;Caprylhydroxamic Acid;Mica;Caprylyl Glycol;Phenoxyethanol;Titanium Dioxide (CI 77891);Iron Oxides (CI 77491;CI 77492;CI 77499),",,,,,,,,,,sun protect,nan
Sun protect,CLARINS,UV PLUS Anti-Pollution Sunscreen Multi-Protection Tint SPF 50,45,4.1,Visit the Clarins boutique,0,0,0,0,0,uv_plus_anti_pollution_sunscreen_multi_protection_tint_spf_50,clarins,sun_protect,clarins_uv_plus_anti_pollution_sunscreen_multi_protection_tint_spf_50,,,,,,,,,,Visit the Clarins boutique,,,,,,,,,,sun protect,nan
Sun protect,SHISEIDO,Urban Environment Tinted UV Protector Broad Spectrum SPF 43,34,4.3,Visit the Shiseido boutique,0,0,0,0,0,urban_environment_tinted_uv_protector_broad_spectrum_spf_43,shiseido,sun_protect,shiseido_urban_environment_tinted_uv_protector_broad_spectrum_spf_43,,,,,,,,,,Visit the Shiseido boutique,,,,,,,,,,sun protect,nan
Sun protect,CLARINS,Sunscreen Multi-Protection Broad Spectrum SPF 50,43,3.9,"Water, Dimethicone, Alcohol, Polyglyceryl-3 Polydimethylsiloxyethyl Dimethicone, Aluminum Hydroxide, Stearic Acid, Nylon-12, Peg-12 Dimethicone, Sodium Chloride, Phenoxyethanol, Fragrance, Peg/Ppg-18/18 Dimethicone, Glycerin, Ethylhexylglycerin, Tocopheryl Acetate, Disodium Edta, Sanicula Europaea Extract, Butylene Glycol, Sodium Hyaluronate, Hydroxypropyltrimonium Maltodextrin Crosspolymer, Thermus Thermophillus Ferment, Lapsana Communis Flower/Leaf/Stem Extract, Ribes Nigrum(Black Currant) Bud Extract, Potassium Sorbate, Citric Acid, Camellia Sinensis Leaf Extract, Cucumismelo (Melon) Fruit Extract, Sodium Lauryl Sulfate.",0,0,0,0,0,sunscreen_multi_protection_broad_spectrum_spf_50,clarins,sun_protect,clarins_sunscreen_multi_protection_broad_spectrum_spf_50,,,,,,,,,,"Dimethicone;Alcohol;Polyglyceryl-3 Polydimethylsiloxyethyl Dimethicone;Aluminum Hydroxide;Stearic Acid;Nylon-12;Peg-12 Dimethicone;Sodium Chloride;Phenoxyethanol;Fragrance;Peg/Ppg-18/18 Dimethicone;Glycerin;Ethylhexylglycerin;Tocopheryl Acetate;Disodium Edta;Sanicula Europaea Extract;Butylene Glycol;Sodium Hyaluronate;Hydroxypropyltrimonium Maltodextrin Crosspolymer;Thermus Thermophillus Ferment;Lapsana Communis Flower/Leaf/Stem Extract;Ribes Nigrum(Black Currant) Bud Extract;Potassium Sorbate;Citric Acid;Camellia Sinensis Leaf Extract;Cucumismelo (Melon) Fruit Extract;Sodium Lauryl Sulfate,",,,,,,,,,,sun protect,nan
Sun protect,SUPERGOOP!,100% Mineral Smooth & Poreless Matte Screen SPF 40,38,3.7,"Cyclopentasiloxane, Coco-Caprylate, Isododecane, Coco-Caprylate/Caprate, Dimethicone Crosspolymer, Silica Dimethyl Silylate, Dimethicone/Bis-Isobutyl PPG-20 Crosspolymer, Argania Spinosa Kernel Oil, Tocopheryl Acetate, C12-15 Alkyl Benzoate, Polyglyceryl-3 Polyricinoleate, Dimethicone, Iron Oxides (CI 77492), Water (Aqua), Isostearic Acid, Propanediol, Ethylhexylglycerin, PEG/PPG-18/18 Dimethicone, Bisabolol, Alumina, Hydrogen Dimethicone, Iron Oxides (CI 77491), Polyhydroxystearic Acid, Iron Oxides (CI 77499), Buddleja Officinalis Flower Extract, Triethoxycaprylylsilane, Hydrangea Arborescens Root Extract, Morus Alba Root Extract, Polysorbate 20, Resveratrol, Scutellaria Lateriflora Extract, Caprylyl Glycol, Hexylene Glycol, Pentapeptide-21.",1,1,1,1,1,100_mineral_smooth_poreless_matte_screen_spf_40,supergoop!,sun_protect,supergoop!_100_mineral_smooth_poreless_matte_screen_spf_40,,,,,,,,,,"Cyclopentasiloxane;Coco-Caprylate;Isododecane;Coco-Caprylate/Caprate;Dimethicone Crosspolymer;Silica Dimethyl Silylate;Dimethicone/Bis-Isobutyl PPG-20 Crosspolymer;Argania Spinosa Kernel Oil;Tocopheryl Acetate;C12-15 Alkyl Benzoate;Polyglyceryl-3 Polyricinoleate;Dimethicone;Iron Oxides (CI 77492);Water (Aqua);Isostearic Acid;Propanediol;Ethylhexylglycerin;PEG/PPG-18/18 Dimethicone;Bisabolol;Alumina;Hydrogen Dimethicone;Iron Oxides (CI 77491);Polyhydroxystearic Acid;Iron Oxides (CI 77499);Buddleja Officinalis Flower Extract;Triethoxycaprylylsilane;Hydrangea Arborescens Root Extract;Morus Alba Root Extract;Polysorbate 20;Resveratrol;Scutellaria Lateriflora Extract;Caprylyl Glycol;Hexylene Glycol;Pentapeptide-21,",,,,,,,,,,sun protect,nan
Sun protect,LAURA MERCIER,Foundation Primer Protect Broad Spectrum SPF 30 Sunscreen PA+++,38,4.1,Visit the Laura Mercier boutique,0,0,0,0,0,foundation_primer_protect_broad_spectrum_spf_30_sunscreen_pa,laura_mercier,sun_protect,laura_mercier_foundation_primer_protect_broad_spectrum_spf_30_sunscreen_pa,,,,,,,,,,Visit the Laura Mercier boutique,,,,,,,,,,sun protect,nan
Sun protect,NARS,Radiance Primer Broad Spectrum SPF 35 Sunscreen,36,4.1,"Water, Caprylyl Methicone, Dipropylene Glycol, Propanediol, Dimethicone, Butyloctyl Salicylate, Lactobacillus Ferment, Isododecane, Ammonium Acryloyldimethyltaurate/Vp Copolymer, Trisiloxane, Polysorbate 60, Trimethylsiloxysilicate, Dextrin Palmitate, Phenoxyethanol, C14-22 Alcohols, Hydroxyethyl Acrylate/Sodium Acryloyldimethyl Taurate Copolymer, Hydrolyzed Wheat Protein/Pvp Crosspolymer, Panthenol, Fragrance, Evodia Rutaecarpa Fruit Extract, Dibutyl Ethylhexanoyl Glutamide, Dibutyl Lauroyl Glutamide, Disodium Edta, C12-20 Alkyl Glucoside, Dipotassium Glycyrrhizate, Tocopheryl Acetate, Sodium Hyaluronate, Butylene Glycol, Pentylene Glycol, Tin Oxide, Potassium Sorbate, Hydroxyphenyl Propamidobenzoic Acid, Ethylhexylglycerin, Ascorbyl Palmitate, Mica, Red 4, Yellow 5.",0,0,0,0,0,radiance_primer_broad_spectrum_spf_35_sunscreen,nars,sun_protect,nars_radiance_primer_broad_spectrum_spf_35_sunscreen,,,,,,,,,,"Caprylyl Methicone;Dipropylene Glycol;Propanediol;Dimethicone;Butyloctyl Salicylate;Lactobacillus Ferment;Isododecane;Ammonium Acryloyldimethyltaurate/Vp Copolymer;Trisiloxane;Polysorbate 60;Trimethylsiloxysilicate;Dextrin Palmitate;Phenoxyethanol;C14-22 Alcohols;Hydroxyethyl Acrylate/Sodium Acryloyldimethyl Taurate Copolymer;Hydrolyzed Wheat Protein/Pvp Crosspolymer;Panthenol;Fragrance;Evodia Rutaecarpa Fruit Extract;Dibutyl Ethylhexanoyl Glutamide;Dibutyl Lauroyl Glutamide;Disodium Edta;C12-20 Alkyl Glucoside;Dipotassium Glycyrrhizate;Tocopheryl Acetate;Sodium Hyaluronate;Butylene Glycol;Pentylene Glycol;Tin Oxide;Potassium Sorbate;Hydroxyphenyl Propamidobenzoic Acid;Ethylhexylglycerin;Ascorbyl Palmitate;Mica;Red 4;Yellow 5,",,,,,,,,,,sun protect,nan
Sun protect,JOSIE MARAN,Argan Daily Moisturizer Tinted SPF 47 Protect + Perfect,36,4.0,*Organic. **Natural.,0,0,0,0,0,argan_daily_moisturizer_tinted_spf_47_protect_perfect,josie_maran,sun_protect,josie_maran_argan_daily_moisturizer_tinted_spf_47_protect_perfect,,,,,,,,,,"*Organic, **Natural,",,,,,,,,,,sun protect,nan
Sun protect,FARMACY,Green Screen Daily Environmental Protector Broad Spectrum MineralSunscreen SPF 30 with Echinacea GreenEnvy™,36,4.6,"Water, Ethyl Macadamiate, Cyclopentasiloxane, Ethylhexyl Palmitate, Propanediol, C12-15 Alkyl Benzoate, Polysorbate 80, Glyceryl Stearate, Peg-100 Stearate, Echinacea Purpurea Root Extract, Aronia Melanocarpa Fruit Extract, Hydrolyzed Verbascum Thapsus Flower, Tagetes Erecta Flower Extract, Alteromonas Ferment Extract, 7-Dehydrocholesterol, Zea Mays (Corn) Oil, Helianthus Annuus (Sunflower) Seed Oil, Carthamus Tinctorius (Safflower) Seed Oil, Malic Acid, Tocopherol, Myristic Acid, Cetyl Alcohol, Glycerin, Hydrogenated Lecithin, Panthenol, Stearic Acid, Polyglyceryl-6 Isostearate, Microcrystalline Cellulose, Alumina, Behenic Acid, Stearyl Alcohol, Caprylyl, Methicone, Dimethicone, Cyclohexasiloxane, Isohexadecane, Triethoxysilylethyl, Polydimethylsiloxyethyl Hexyl Dimethicone, Lauryl PEG-9 Polydimethylsiloxyethyl, Dimethicone, 1,2-Hexanediol, Behenyl Alcohol, Triethoxycaprylylsilane, Polyhydroxystearic Acid, Sodium Acrylate/Sodium Acryloyldimethyl Taurate Copolymer, Cellulose Gum, Sorbitan Oleate, Butylene Glycol, Phenoxyethanol, Caprylyl Glycol, Ethylhexylglycerin, Sodium Benzoate, Potassium Sorbate, Sodium Citrate, Citric Acid, Sodium Phytate.",1,1,1,1,1,green_screen_daily_environmental_protector_broad_spectrum_mineralsunscreen_spf_30_with_echinacea_greenenvy,farmacy,sun_protect,farmacy_green_screen_daily_environmental_protector_broad_spectrum_mineralsunscreen_spf_30_with_echinacea_greenenvy,,,,,,,,,,"Ethyl Macadamiate;Cyclopentasiloxane;Ethylhexyl Palmitate;Propanediol;C12-15 Alkyl Benzoate;Polysorbate 80;Glyceryl Stearate;Peg-100 Stearate;Echinacea Purpurea Root Extract;Aronia Melanocarpa Fruit Extract;Hydrolyzed Verbascum Thapsus Flower;Tagetes Erecta Flower Extract;Alteromonas Ferment Extract;7-Dehydrocholesterol;Zea Mays (Corn) Oil;Helianthus Annuus (Sunflower) Seed Oil;Carthamus Tinctorius (Safflower) Seed Oil;Malic Acid;Tocopherol;Myristic Acid;Cetyl Alcohol;Glycerin;Hydrogenated Lecithin;Panthenol;Stearic Acid;Polyglyceryl-6 Isostearate;Microcrystalline Cellulose;Alumina;Behenic Acid;Stearyl Alcohol;Caprylyl;Methicone;Dimethicone;Cyclohexasiloxane;Isohexadecane;Triethoxysilylethyl;Polydimethylsiloxyethyl Hexyl Dimethicone;Lauryl PEG-9 Polydimethylsiloxyethyl;Dimethicone;1,2-Hexanediol;Behenyl Alcohol;Triethoxycaprylylsilane;Polyhydroxystearic Acid;Sodium Acrylate/Sodium Acryloyldimethyl Taurate Copolymer;Cellulose Gum;Sorbitan Oleate;Butylene Glycol;Phenoxyethanol;Caprylyl Glycol;Ethylhexylglycerin;Sodium Benzoate;Potassium Sorbate;Sodium Citrate;Citric Acid;Sodium Phytate,",,,,,,,,,,sun protect,nan
Sun protect,COOLA,Full Spectrum 360° Sun Silk Drops SPF 30,46,4.6,"Aloe Barbadensis Leaf Juice (ORGANIC), Anthemis Nobilis (Chamomile) Flower Extract, Butyloctyl Salicylate, Carthamus Tinctorius (ORGANIC Safflower) Seed Oil, Citrus Aurantium Amara (Bitter Orange) Flower Extract, Citrus Aurantium Amara (Bitter Orange) Leaf/Twig Extract Dicaprylyl Carbonate, Ecklonia Kurome Extract, Ethylhexylglycerin, Gluconolactone, Glycerine, Glycerin (ORGANIC), Glyceryl Stearate, Jasminum Sambac Leaf Cell Extract, Marrubium Vulgare Extract, Melanin, Nylon-12, Olea Europaea (ORGANIC Olive) Fruit Oil, Plankton Extract, Polygonum Aviculare Extract, Simmondsia Chinensis (ORGANIC Jojoba) Seed Oil, Sodium Hyaluronate, Sodium Benzoate, Stearic Acid, Tocopherol, Water (Aqua), Xanthan Gum.",1,1,1,1,1,full_spectrum_360°_sun_silk_drops_spf_30,coola,sun_protect,coola_full_spectrum_360°_sun_silk_drops_spf_30,,,,,,,,,,"Aloe Barbadensis Leaf Juice (ORGANIC);Anthemis Nobilis (Chamomile) Flower Extract;Butyloctyl Salicylate;Carthamus Tinctorius (ORGANIC Safflower) Seed Oil;Citrus Aurantium Amara (Bitter Orange) Flower Extract;Citrus Aurantium Amara (Bitter Orange) Leaf/Twig Extract Dicaprylyl Carbonate;Ecklonia Kurome Extract;Ethylhexylglycerin;Gluconolactone;Glycerine;Glycerin (ORGANIC);Glyceryl Stearate;Jasminum Sambac Leaf Cell Extract;Marrubium Vulgare Extract;Melanin;Nylon-12;Olea Europaea (ORGANIC Olive) Fruit Oil;Plankton Extract;Polygonum Aviculare Extract;Simmondsia Chinensis (ORGANIC Jojoba) Seed Oil;Sodium Hyaluronate;Sodium Benzoate;Stearic Acid;Tocopherol;Water (Aqua);Xanthan Gum,",,,,,,,,,,sun protect,nan
Sun protect,SHISEIDO,Ultimate Sun Protection Cream Broad Spectrum SPF 50+ Wetforce For Face,36,4.1,"Water, Dimethicone, Sd Alcohol 40-B, Isohexadecane, Butylene Glycol, Isopropyl Myristate, Methyl Methacrylate Crosspolymer, Lauryl Peg-9 Polydimethylsiloxyethyl Dimethicone, Xylitol, Glycerin, Polybutylene Glycol/Ppg-9/1 Copolymer,Isododecane,Trimethylsiloxysilicate, Disteardimonium Hectorite, Peg-6, Dextrin Palmitate, Peg-32, Peg/Ppg-14/7 Dimethyl Ether, Saxifraga Sarmentosa Extract, Scutellaria Baicalensis Root Extract, Ononis Spinosa Root Extract, Ectoin, Sophora Angustifolia Root Extract, Silica, Hydrogen Dimethicone, Carboxydecyl Trisiloxane, Aluminum Hydroxide, Stearic Acid, Trisodium Edta, Polymethylsilsesquioxane, Talc, Alcohol, Bht, Syzygium Jambos Leaf Extract, Tocopherol, Phenoxyethanol, Fragrance.",0,0,0,0,0,ultimate_sun_protection_cream_broad_spectrum_spf_50_wetforce_for_face,shiseido,sun_protect,shiseido_ultimate_sun_protection_cream_broad_spectrum_spf_50_wetforce_for_face,,,,,,,,,,"Dimethicone;Sd Alcohol 40-B;Isohexadecane;Butylene Glycol;Isopropyl Myristate;Methyl Methacrylate Crosspolymer;Lauryl Peg-9 Polydimethylsiloxyethyl Dimethicone;Xylitol;Glycerin;Polybutylene Glycol/Ppg-9/1 Copolymer;Isododecane;Trimethylsiloxysilicate;Disteardimonium Hectorite;Peg-6;Dextrin Palmitate;Peg-32;Peg/Ppg-14/7 Dimethyl Ether;Saxifraga Sarmentosa Extract;Scutellaria Baicalensis Root Extract;Ononis Spinosa Root Extract;Ectoin;Sophora Angustifolia Root Extract;Silica;Hydrogen Dimethicone;Carboxydecyl Trisiloxane;Aluminum Hydroxide;Stearic Acid;Trisodium Edta;Polymethylsilsesquioxane;Talc;Alcohol;Bht;Syzygium Jambos Leaf Extract;Tocopherol;Phenoxyethanol;Fragrance,",,,,,,,,,,sun protect,nan
Sun protect,AMOREPACIFIC,MOISTURE BOUND Tinted Treatment Moisturizer SPF 15,70,4.2,"Phyllostachis Bambusoides Juice, Methyl Trimethicone, Cyclopentasiloxane, Cyclohexasiloxane, Butylene Glycol, Ethylhexyl Methoxycinnamate, Glycerin, C12-15 Alkyl Benzoate, Bis- Hydroxyethoxypropyl Dimethicone, Lauryl Peg-9 Polydimethylsiloxyethyl Dimethicone, Alcohol, Disteardimonium Hectorite, Polymethyl Methacrylate, Vinyl Dimethicone/Methicone Silsesquioxane Crosspolymer, Trihydroxystearin, Peg-10 Dimethicone, Panax Ginseng Root Extract, Sodium Chloride, Sorbitan Isostearate, Aluminum Stearate, Phenoxyethanol, Polyhydroxystearic Acid, Alumina, Laminaria Ochroleuca Extract, Talc, Aluminum Hydroxide, Triethoxycaprylylsilane, Disodium Edta, Ethylhexylglycerin, Zingiber Officinale (Ginger) Root Extract, Camellia Sinensis Leaf Extract, Water, Tricholoma Matsutake Extract, Kaempferol, Acrylates/Tridecyl Acrylate/Triethoxysilylpropyl Methacrylate/Dimethicone Methacrylate Copolymer, Propylene Glycol, Zinc Gluconate, Magnesium Aspartate, Hydrogenated Lecithin, Peg-5 Rapeseed Sterol, Hydrolyzed Ginseng Saponins, Copper Gluconate, Calcium Gluconate, Fragrance, Titanium Dioxide (Ci 77891), Iron Oxides (Ci 77491, Ci 77492, Ci 77499).",1,1,1,0,1,moisture_bound_tinted_treatment_moisturizer_spf_15,amorepacific,sun_protect,amorepacific_moisture_bound_tinted_treatment_moisturizer_spf_15,,,,,,,,,,"Phyllostachis Bambusoides Juice;Methyl Trimethicone;Cyclopentasiloxane;Cyclohexasiloxane;Butylene Glycol;Ethylhexyl Methoxycinnamate;Glycerin;C12-15 Alkyl Benzoate;Bis- Hydroxyethoxypropyl Dimethicone;Lauryl Peg-9 Polydimethylsiloxyethyl Dimethicone;Alcohol;Disteardimonium Hectorite;Polymethyl Methacrylate;Vinyl Dimethicone/Methicone Silsesquioxane Crosspolymer;Trihydroxystearin;Peg-10 Dimethicone;Panax Ginseng Root Extract;Sodium Chloride;Sorbitan Isostearate;Aluminum Stearate;Phenoxyethanol;Polyhydroxystearic Acid;Alumina;Laminaria Ochroleuca Extract;Talc;Aluminum Hydroxide;Triethoxycaprylylsilane;Disodium Edta;Ethylhexylglycerin;Zingiber Officinale (Ginger) Root Extract;Camellia Sinensis Leaf Extract;Tricholoma Matsutake Extract;Kaempferol;Acrylates/Tridecyl Acrylate/Triethoxysilylpropyl Methacrylate/Dimethicone Methacrylate Copolymer;Propylene Glycol;Zinc Gluconate;Magnesium Aspartate;Hydrogenated Lecithin;Peg-5 Rapeseed Sterol;Hydrolyzed Ginseng Saponins;Copper Gluconate;Calcium Gluconate;Fragrance;Titanium Dioxide (Ci 77891);Iron Oxides (Ci 77491;Ci 77492;Ci 77499),",,,,,,,,,,sun protect,nan
Sun protect,PETER THOMAS ROTH,Max Sheer All Day Moisture Defense Lotion SPF 30 Sunscreen Lotion,42,4.1,"Water, Propylene Glycol, Glyceryl Stearate, Peg-100 Stearate, C12-15 Alkyl Benzoate, Caprylic/Capric Triglyceride, Palmitic Acid, Phenoxyethanol, Stearic Acid, Triethanolamine, Bentonite, Carbomer, Dimethicone, Allantoin, Peg-8 Dimethicone, Aloe Barbadensis Leaf Juice, Cetyl Alcohol, Panthenol, Aluminum Starch Octenylsuccinate, Tetrasodium Edta, Myristic Acid, Potassium Sorbate, Sodium Benzoate, Arachidic Acid, Lauric Acid, Ascorbic Acid, Octyldodecanol, Retinyl Palmitate, Silica, Sodium Propoxyhydroxypropyl Thiosulfate Silica, Tocopheryl Acetate, Ceramide Np, Butylene Glycol, Ginkgo Biloba Leaf Extract, Butyl Acetate.",0,0,0,0,0,max_sheer_all_day_moisture_defense_lotion_spf_30_sunscreen_lotion,peter_thomas_roth,sun_protect,peter_thomas_roth_max_sheer_all_day_moisture_defense_lotion_spf_30_sunscreen_lotion,0.0,492.0,6641.0,4.0427,1.7,Moisturizers,24.71,0.82,7.41,"Propylene Glycol;Glyceryl Stearate;Peg-100 Stearate;C12-15 Alkyl Benzoate;Caprylic/Capric Triglyceride;Palmitic Acid;Phenoxyethanol;Stearic Acid;Triethanolamine;Bentonite;Carbomer;Dimethicone;Allantoin;Peg-8 Dimethicone;Aloe Barbadensis Leaf Juice;Cetyl Alcohol;Panthenol;Aluminum Starch Octenylsuccinate;Tetrasodium Edta;Myristic Acid;Potassium Sorbate;Sodium Benzoate;Arachidic Acid;Lauric Acid;Ascorbic Acid;Octyldodecanol;Retinyl Palmitate;Silica;Sodium Propoxyhydroxypropyl Thiosulfate Silica;Tocopheryl Acetate;Ceramide Np;Butylene Glycol;Ginkgo Biloba Leaf Extract;Butyl Acetate,",0.0,492.0,6641.0,4.0427,1.7,Moisturizers,24.71,0.82,7.41,sun protect,Low (3k - 7k)
Sun protect,PETER THOMAS ROTH,Max Mineral Naked Broad Spectrum SPF 45,38,4.6,"Silica, Aluminum Hydroxide, Stearic Acid,Polymethylsilsesquioxane, Triethoxycaprylylsilane, Retinyl Palmitate (Vitamin A), Tocopheryl Acetate (Vitamin E), Ascorbyl Palmitate (Vitamin C), Salix Alba (Willow) Bark Extract, Water, Butylene Glycol, Chlorphenesin, Potassium Sorbate, Tetrasodium EDTA.",1,1,1,1,1,max_mineral_naked_broad_spectrum_spf_45,peter_thomas_roth,sun_protect,peter_thomas_roth_max_mineral_naked_broad_spectrum_spf_45,,,,,,,,,,"Silica;Aluminum Hydroxide;Stearic Acid;Polymethylsilsesquioxane;Triethoxycaprylylsilane;Retinyl Palmitate (Vitamin A);Tocopheryl Acetate (Vitamin E);Ascorbyl Palmitate (Vitamin C);Salix Alba (Willow) Bark Extract;Butylene Glycol;Chlorphenesin;Potassium Sorbate;Tetrasodium EDTA,",,,,,,,,,,sun protect,nan
Sun protect,SUPERGOOP!,City Sunscreen Serum SPF 30,42,4.1,"Purified Water, Cyclomethicone, Isostearyl Neopentanoate, Glycerin, Ceteareth–20, Polypropylene, Cetearyl Alcohol, Xanthan Gum, d-Panthenol, Octanohydroxamic acid, Caprylyl Glycol, Silica, Triacontanyl PVP, Cetyl Dimethicone, Ammonium Acryloyldimethyltaurate/VP Copolymer, PEG-40 Stearate, Tocopherol, Disodium EDTA, Pentylene Glycol, Panthenyl Triacetate, Sodium Lactate, Lactic Acid, Serine, Urea, Sorbitol, Sodium Chloride, Allantoin, Oleyl Alcohol, Ethyl Linoleate.",1,1,1,1,0,city_sunscreen_serum_spf_30,supergoop!,sun_protect,supergoop!_city_sunscreen_serum_spf_30,1.0,265.0,8879.0,4.0868,2.0,Treatments,21.0,1.54,2.98,"Cyclomethicone;Isostearyl Neopentanoate;Glycerin;Ceteareth–20;Polypropylene;Cetearyl Alcohol;Xanthan Gum;d-Panthenol;Octanohydroxamic acid;Caprylyl Glycol;Silica;Triacontanyl PVP;Cetyl Dimethicone;Ammonium Acryloyldimethyltaurate/VP Copolymer;PEG-40 Stearate;Tocopherol;Disodium EDTA;Pentylene Glycol;Panthenyl Triacetate;Sodium Lactate;Lactic Acid;Serine;Urea;Sorbitol;Sodium Chloride;Allantoin;Oleyl Alcohol;Ethyl Linoleate,",1.0,265.0,8879.0,4.0868,2.0,Treatments,21.0,1.54,2.98,sun protect,Medium (7k - 13k)
Sun protect,PHILOSOPHY,Renewed Hope in a Jar Skin Tint,39,4.1,"Water, Cyclopentasiloxane, Dimethicone, Butylene Glycol, Diphenylsiloxy Phenyl Trimethicone, Glycerin, Dimethicone/Peg-10/15 Crosspolymer, Peg-9 Polydimethylsiloxyethyl Dimethicone, Acrylates/Dimethicone Copolymer, Mica, Phenoxyethanol, Magnesium Sulfate, Silica, Dimethicone/Vinyl Dimethicone Crosspolymer, Hydroxyethylcellulose, Saccharomyces Lysate Extract, Lauroyl Lysine, Chlorphenesin, Disodium Edta, Propanediol, Aluminum Dimyristate, Triethoxycaprylylsilane, Enantia Chlorantha Bark Extract, Disodium Stearoyl Glutamate, Dipropylene Glycol, Sodium Nitrate, Evodia Rutaecarpa Fruit Extract, Tocopherol, Bht, Oleanolic Acid, [May Contain/Peut Contenir/+/-:Titanium Dioxide (Ci 77891), Iron Oxides (Ci 77491, Ci 77492, Ci 77499)].",1,1,1,1,1,renewed_hope_in_a_jar_skin_tint,philosophy,sun_protect,philosophy_renewed_hope_in_a_jar_skin_tint,0.0,153.0,9293.0,4.0261,1.0,Moisturizers,39.0,2.63,1.65,"Cyclopentasiloxane;Dimethicone;Butylene Glycol;Diphenylsiloxy Phenyl Trimethicone;Glycerin;Dimethicone/Peg-10/15 Crosspolymer;Peg-9 Polydimethylsiloxyethyl Dimethicone;Acrylates/Dimethicone Copolymer;Mica;Phenoxyethanol;Magnesium Sulfate;Silica;Dimethicone/Vinyl Dimethicone Crosspolymer;Hydroxyethylcellulose;Saccharomyces Lysate Extract;Lauroyl Lysine;Chlorphenesin;Disodium Edta;Propanediol;Aluminum Dimyristate;Triethoxycaprylylsilane;Enantia Chlorantha Bark Extract;Disodium Stearoyl Glutamate;Dipropylene Glycol;Sodium Nitrate;Evodia Rutaecarpa Fruit Extract;Tocopherol;Bht;Oleanolic Acid;[May Contain/Peut Contenir/+/-:Titanium Dioxide (Ci 77891);Iron Oxides (Ci 77491;Ci 77492;Ci 77499)],",0.0,153.0,9293.0,4.0261,1.0,Moisturizers,39.0,2.63,1.65,sun protect,Medium (7k - 13k)
Sun protect,PHILOSOPHY,Renewed Hope In A Jar SPF 30,39,3.8,"Water, Carthamus Tinctorius (Safflower) Oleosomes, Butylene Glycol, Glycerin, C12-15 Alkyl Benzoate, Methyl Gluceth-20, Glycolic Acid, Polyacrylamide, Cyclopentasiloxane, Ammonium Acryloyldimethyltaurate/Vp Copolymer, Hydrogenated Lecithin, Cyclohexasiloxane, Phenoxyethanol, Sodium Hydroxide, C13-14 Isoparaffin, Cetyl Alcohol, Polysorbate 80, Laureth-7, Citric Acid, Fragrance, Bismuth Oxychloride, Mandelic Acid, Tocopheryl Acetate, Disodium EDTA, Synthetic Fluorphlogopite, Ethylhexyl Palmitate, Propanediol, Gluconic Acid, Adenosine, Sodium Benzoate, Bht, Evodia Rutaecarpa Fruit Extract, Sodium Bicarbonate, Yeast Extract, Magnesium Stearate, Opuntia Coccinellifera Flower Extract, Silica Dimethyl Silylate, Caprylyl Glycol, Ethylhexylglycerin, Hyaluronic Acid,Silanetriol, Sodium Hyaluronate, Sorbic Acid, Hexylene Glycol.",0,0,0,0,0,renewed_hope_in_a_jar_spf_30,philosophy,sun_protect,philosophy_renewed_hope_in_a_jar_spf_30,0.0,84.0,4296.0,3.8214,2.0,Moisturizers,19.5,4.55,1.96,"Carthamus Tinctorius (Safflower) Oleosomes;Butylene Glycol;Glycerin;C12-15 Alkyl Benzoate;Methyl Gluceth-20;Glycolic Acid;Polyacrylamide;Cyclopentasiloxane;Ammonium Acryloyldimethyltaurate/Vp Copolymer;Hydrogenated Lecithin;Cyclohexasiloxane;Phenoxyethanol;Sodium Hydroxide;C13-14 Isoparaffin;Cetyl Alcohol;Polysorbate 80;Laureth-7;Citric Acid;Fragrance;Bismuth Oxychloride;Mandelic Acid;Tocopheryl Acetate;Disodium EDTA;Synthetic Fluorphlogopite;Ethylhexyl Palmitate;Propanediol;Gluconic Acid;Adenosine;Sodium Benzoate;Bht;Evodia Rutaecarpa Fruit Extract;Sodium Bicarbonate;Yeast Extract;Magnesium Stearate;Opuntia Coccinellifera Flower Extract;Silica Dimethyl Silylate;Caprylyl Glycol;Ethylhexylglycerin;Hyaluronic Acid;Silanetriol;Sodium Hyaluronate;Sorbic Acid;Hexylene Glycol,",0.0,84.0,4296.0,3.8214,2.0,Moisturizers,19.5,4.55,1.96,sun protect,Low (3k - 7k)
Sun protect,COOLA,Mineral Face SPF 30 - Matte Tint,36,4.1,"Aluminum Hydroxide, Butyrospermum Parkii (Organic Shea Butter), Cucumis Sativus (Organic Cucumber) Fruit Extract, Cyclopentasiloxane, Dimethicone Crosspolymer, Glycerin (Organic), Hydrogen Dimethicone, Iron Oxides, Isopropyl Myristate, Isopropyl Titianium Triisostearate, Linum Usitatissimum (Organic Linseed) Seed Oil, Mica, Oenothera Biennis (Organic Evening Primrose) Oil, Plankton Extract, Polyamide-5, Polysilicone-11, Propylene Carbonate, Rosa Canina (Organic) Fruit Oil, Silica Silylate, Stearalkonium Hectorite, Synthetic Wax.",1,0,1,1,1,mineral_face_spf_30_matte_tint,coola,sun_protect,coola_mineral_face_spf_30_matte_tint,1.0,164.0,11627.0,4.0915,1.7,Moisturizers,21.18,2.49,1.41,"Aluminum Hydroxide;Butyrospermum Parkii (Organic Shea Butter);Cucumis Sativus (Organic Cucumber) Fruit Extract;Cyclopentasiloxane;Dimethicone Crosspolymer;Glycerin (Organic);Hydrogen Dimethicone;Iron Oxides;Isopropyl Myristate;Isopropyl Titianium Triisostearate;Linum Usitatissimum (Organic Linseed) Seed Oil;Mica;Oenothera Biennis (Organic Evening Primrose) Oil;Plankton Extract;Polyamide-5;Polysilicone-11;Propylene Carbonate;Rosa Canina (Organic) Fruit Oil;Silica Silylate;Stearalkonium Hectorite;Synthetic Wax,",1.0,164.0,11627.0,4.0915,1.7,Moisturizers,21.18,2.49,1.41,sun protect,Medium (7k - 13k)
Sun protect,PERRICONE MD,High Potency Classics: Face Finishing & Firming Moisturizer Tint SPF 30,69,4.3,"Water, Glycerin, Cyclopentasiloxane, Dimethicone, Pentylene Glycol, Ethylhexyl Methoxycrylene, Polyester-8, Polyglyceryl-3 Polydimethylsiloxyethyl Dimethicone, Hydroxyethyl Acrylate/Sodium Acryloyldimethyl Taurate Copolymer, Benzyl Alcohol, Aluminum Hydroxide, Stearic Acid, Iron Oxides ( CI 77491, CI 77492, CI 77499), Diethylhexyl Syringylidenemalonate, Hydrogenated Lecithin, Titanium Dioxide (CI 77891), Isohexadecane, Bisabolol, Mica (CI 77019), Tetrahexyldecyl Ascorbate, Phenoxyethanol, Silica Dimethyl Silytate, Polyester-1, Polysilicone-11, Polysorbate 60, Caprylic/Capric Triglyceride, Sodium Benzoate, Potassium Sorbate, Fragrance, Xanthan Gum, Hydrogenated Phosphatidylcholine Citronellol, Thioctic Acid, Geraniol, Astaxanthin, Hydroxycitronellal, Butylphenyl Methylpropional.",1,1,1,1,0,high_potency_classics:_face_finishing_firming_moisturizer_tint_spf_30,perricone_md,sun_protect,perricone_md_high_potency_classics:_face_finishing_firming_moisturizer_tint_spf_30,0.0,284.0,3484.0,4.2746,2.0,Moisturizers,34.5,1.51,8.15,"Glycerin;Cyclopentasiloxane;Dimethicone;Pentylene Glycol;Ethylhexyl Methoxycrylene;Polyester-8;Polyglyceryl-3 Polydimethylsiloxyethyl Dimethicone;Hydroxyethyl Acrylate/Sodium Acryloyldimethyl Taurate Copolymer;Benzyl Alcohol;Aluminum Hydroxide;Stearic Acid;Iron Oxides ( CI 77491;CI 77492;CI 77499);Diethylhexyl Syringylidenemalonate;Hydrogenated Lecithin;Titanium Dioxide (CI 77891);Isohexadecane;Bisabolol;Mica (CI 77019);Tetrahexyldecyl Ascorbate;Phenoxyethanol;Silica Dimethyl Silytate;Polyester-1;Polysilicone-11;Polysorbate 60;Caprylic/Capric Triglyceride;Sodium Benzoate;Potassium Sorbate;Fragrance;Xanthan Gum;Hydrogenated Phosphatidylcholine Citronellol;Thioctic Acid;Geraniol;Astaxanthin;Hydroxycitronellal;Butylphenyl Methylpropional,",0.0,284.0,3484.0,4.2746,2.0,Moisturizers,34.5,1.51,8.15,sun protect,Low (3k - 7k)
Sun protect,MURAD,Perfecting Day Cream Broad Spectrum SPF 30 PA+++,54,4.2,"Water, Butylene Glycol, Pentylene Glycol, Glyceryl Stearate, PEG-100 Stearate, Diisopropyl Sebacate, Isodecyl Neopentanoate, Lauryl Lactate, Stearic Acid, Sorbitan Stearate, Urea, Yeast Amino Acids, Trehalose, Inositol, Taurine, Betaine, Phospholipids, Retinyl Palmitate, Tocopheryl Acetate, Ascorbyl Palmitate, Cetearyl Alcohol, Ceteareth-20, Lemon Peel Extract, Calendula Officinalis Flower Extract, Glycolipids, Sodium Hyaluronate, Lecithin, Tocopherol, Hydrogen Peroxide, Dipotassium Glycyrrhizate, Punica Granatum Extract , Magnesium Ascorbyl Phosphate, Hydrolyzed Soy Flour, Oat Kernel Protein, Palmitoyl Hydroxypropyltrimonium Amylopectin/Glycerin Crosspolymer, Grape Seed Extract, Camellia Sinensis Leaf Extract, Evening Primrose Oil, Borago Officinalis Seed Oil, Sodium PCA, Dimethicone, Propylene Glycol, Carbomer, Sclerotium Gum, Aminomethyl Propanol, Chlorphenesin, Phenoxyethanol, Methylparaben, Propylparaben, Disodium EDTA, Linalool, Lavender Oil.",0,0,0,0,0,perfecting_day_cream_broad_spectrum_spf_30_pa,murad,sun_protect,murad_perfecting_day_cream_broad_spectrum_spf_30_pa,0.0,152.0,4888.0,4.2171,1.7,Moisturizers,32.94,2.77,3.11,"Butylene Glycol;Pentylene Glycol;Glyceryl Stearate;PEG-100 Stearate;Diisopropyl Sebacate;Isodecyl Neopentanoate;Lauryl Lactate;Stearic Acid;Sorbitan Stearate;Urea;Yeast Amino Acids;Trehalose;Inositol;Taurine;Betaine;Phospholipids;Retinyl Palmitate;Tocopheryl Acetate;Ascorbyl Palmitate;Cetearyl Alcohol;Ceteareth-20;Lemon Peel Extract;Calendula Officinalis Flower Extract;Glycolipids;Sodium Hyaluronate;Lecithin;Tocopherol;Hydrogen Peroxide;Dipotassium Glycyrrhizate;Punica Granatum Extract;Magnesium Ascorbyl Phosphate;Hydrolyzed Soy Flour;Oat Kernel Protein;Palmitoyl Hydroxypropyltrimonium Amylopectin/Glycerin Crosspolymer;Grape Seed Extract;Camellia Sinensis Leaf Extract;Evening Primrose Oil;Borago Officinalis Seed Oil;Sodium PCA;Dimethicone;Propylene Glycol;Carbomer;Sclerotium Gum;Aminomethyl Propanol;Chlorphenesin;Phenoxyethanol;Methylparaben;Propylparaben;Disodium EDTA;Linalool;Lavender Oil,",0.0,152.0,4888.0,4.2171,1.7,Moisturizers,32.94,2.77,3.11,sun protect,Low (3k - 7k)
Sun protect,AMOREPACIFIC,FUTURE RESPONSE Age Defense Creme SPF 30,195,3.8,"Water, Butylene Glycol, Octocrylene, Ethylhexyl Methoxycinnamate, Ethylhexyl Salicylate, Titanium Dioxide, C12-15 Alkyl Benzoate, Cyclopentasiloxane, Cetearyl Alcohol, Cyclohexasiloxane, 1,2-Hexanediol, Tricholoma Matsutake Extract, Camellia Sinensis Leaf Extract, Camellia Sinensis Leaf Powder, Methoxy Peg-114/Polyepsilon Caprolactone, Peg-100 Stearate, Glyceryl Stearate, Aluminum Stearate, Polyacrylate-13, Polyhydroxystearic Acid, Alumina, Hydroxyethyl Acrylate/Sodium Acryloyldimethyl Taurate Copolymer, Polyisobutene, Stearic Acid, Carbomer, Polysorbate 20, Epigallocatechin Gallate, Polyglutamic Acid, Theanine, Caprylyl Glycol, Ethylhexylglycerin, Disodium Edta, Fragrance, Iron Oxides.",1,1,1,1,1,future_response_age_defense_creme_spf_30,amorepacific,sun_protect,amorepacific_future_response_age_defense_creme_spf_30,,,,,,,,,,"Butylene Glycol;Octocrylene;Ethylhexyl Methoxycinnamate;Ethylhexyl Salicylate;Titanium Dioxide;C12-15 Alkyl Benzoate;Cyclopentasiloxane;Cetearyl Alcohol;Cyclohexasiloxane;1,2-Hexanediol;Tricholoma Matsutake Extract;Camellia Sinensis Leaf Extract;Camellia Sinensis Leaf Powder;Methoxy Peg-114/Polyepsilon Caprolactone;Peg-100 Stearate;Glyceryl Stearate;Aluminum Stearate;Polyacrylate-13;Polyhydroxystearic Acid;Alumina;Hydroxyethyl Acrylate/Sodium Acryloyldimethyl Taurate Copolymer;Polyisobutene;Stearic Acid;Carbomer;Polysorbate 20;Epigallocatechin Gallate;Polyglutamic Acid;Theanine;Caprylyl Glycol;Ethylhexylglycerin;Disodium Edta;Fragrance;Iron Oxides,",,,,,,,,,,sun protect,nan
Sun protect,ESTÉE LAUDER,Advanced Time Zone SPF 15- Normal/Combination Skin,75,3.8,"Adv Timezone Age Rvr N/C Lwcrspf15 Division: El (Estee Lauder)Active Ingredients: Avobenzone 3.00% , Octinoxate 7.50% , Octisalate 5.00%Ingredients: Water , Butylene Glycol , Glycerin , Octyldodecyl Myristate , Neopentyl Glycol Diheptanoate , Dimethicone , Glyceryl Stearate , Citrullus Vulgaris (Watermelon) Fruit Extract , Sigesbeckia Orientalis (St. Paul'S Wort) Extract , Pyrus Malus (Apple) Fruit Extract , Lens Esculenta (Lentil) Fruit Extract , Centaurium Erythraea (Centaury) Extract , Laminaria Digitata Extract , Hordeum Vulgare (Barley) Extract/Extrait D'Orge , Cucumis Sativus (Cucumber) Fruit Extract , Tamarindus Indica Seed Extract , Salicornia Herbacea Extract , Polygonum Cuspidatum Root Extract , Vitis Vinifera (Grape) Seed Extract , Hydrolyzed Rice Extract , Rosmarinus Officinalis (Rosemary) Extract , Selaginella Tamariscina (Spike Moss) Extract , Humulus Lupulus (Hops) Extract , Citrus Reticulata (Tangerine) Peel Extract , Yeast Extract/Faex/Extrait De Levure , Limonium Vulgare Flower/Leaf/Stem Extract , Whey Protein/Lactis Protein/Proteine Du Petit-Lait , Thermus Thermophillus Ferment , Cetyl Alcohol , Pentaerythrityl Tetraethylhexanoate , Hydrogenated Lecithin , Polyethylene , Caprylic/Capric/Myristic/Stearic Triglyceride , Punica Granatum (Pomegranate) Fruit Juice , Cholesterol , Sucrose , Linoleic Acid , Caffeine , Acetyl Glucosamine , Linolenic Acid , Adenosine Phosphate , Lactoperoxidase , Phospholipids , Acetyl Hexapeptide-8 , Glucose Oxidase , Peg-100 Stearate , Acrylamide/Sodium Acryloyldimethyltaurate Copolymer , Tocopheryl Acetate , Triolein , Behenyl Alcohol , Phytantriol , Trehalose , Pvp/Hexadecene Copolymer , Pentylene Glycol , Hdi/Ppg/Polycaprolactone Crosspolymer , Caprylic/Capric Triglyceride , Polysilicone-11 , Isohexadecane , Caprylyl Glycol , Propylene Glycol Dicaprate , Sodium Pca , Helianthus Annuus (Sunflower) Seedcake , Polysorbate 80 , Glucose , Sodium Hyaluronate , Sodium Lactate , Phytosteryl Canola Glycerides , Oleic Acid , Palmitic Acid , Stearic Acid , Potassium Sulfate , Decarboxy Carnosine Hcl , Nordihydroguaiaretic Acid , Cyclodextrin , Carbomer , Hexylene Glycol , Potassium Hydroxide , Fragrance , Silica , Ethylbisiminomethylguaiacol Manganese Chloride , Disodium Edta , Bht , Phenoxyethanol",0,0,0,0,0,advanced_time_zone_spf_15_normal_combination_skin,estée_lauder,sun_protect,estée_lauder_advanced_time_zone_spf_15_normal_combination_skin,,,,,,,,,,"Adv Timezone Age Rvr N/C Lwcrspf15 Division: El (Estee Lauder)Active Ingredients: Avobenzone 3,00%;Octinoxate 7,50%;Octisalate 5,00%Ingredients: Water;Butylene Glycol;Glycerin;Octyldodecyl Myristate;Neopentyl Glycol Diheptanoate;Dimethicone;Glyceryl Stearate;Citrullus Vulgaris (Watermelon) Fruit Extract;Sigesbeckia Orientalis (St, Paul'S Wort) Extract;Pyrus Malus (Apple) Fruit Extract;Lens Esculenta (Lentil) Fruit Extract;Centaurium Erythraea (Centaury) Extract;Laminaria Digitata Extract;Hordeum Vulgare (Barley) Extract/Extrait D'Orge;Cucumis Sativus (Cucumber) Fruit Extract;Tamarindus Indica Seed Extract;Salicornia Herbacea Extract;Polygonum Cuspidatum Root Extract;Vitis Vinifera (Grape) Seed Extract;Hydrolyzed Rice Extract;Rosmarinus Officinalis (Rosemary) Extract;Selaginella Tamariscina (Spike Moss) Extract;Humulus Lupulus (Hops) Extract;Citrus Reticulata (Tangerine) Peel Extract;Yeast Extract/Faex/Extrait De Levure;Limonium Vulgare Flower/Leaf/Stem Extract;Whey Protein/Lactis Protein/Proteine Du Petit-Lait;Thermus Thermophillus Ferment;Cetyl Alcohol;Pentaerythrityl Tetraethylhexanoate;Hydrogenated Lecithin;Polyethylene;Caprylic/Capric/Myristic/Stearic Triglyceride;Punica Granatum (Pomegranate) Fruit Juice;Cholesterol;Sucrose;Linoleic Acid;Caffeine;Acetyl Glucosamine;Linolenic Acid;Adenosine Phosphate;Lactoperoxidase;Phospholipids;Acetyl Hexapeptide-8;Glucose Oxidase;Peg-100 Stearate;Acrylamide/Sodium Acryloyldimethyltaurate Copolymer;Tocopheryl Acetate;Triolein;Behenyl Alcohol;Phytantriol;Trehalose;Pvp/Hexadecene Copolymer;Pentylene Glycol;Hdi/Ppg/Polycaprolactone Crosspolymer;Caprylic/Capric Triglyceride;Polysilicone-11;Isohexadecane;Caprylyl Glycol;Propylene Glycol Dicaprate;Sodium Pca;Helianthus Annuus (Sunflower) Seedcake;Polysorbate 80;Glucose;Sodium Hyaluronate;Sodium Lactate;Phytosteryl Canola Glycerides;Oleic Acid;Palmitic Acid;Stearic Acid;Potassium Sulfate;Decarboxy Carnosine Hcl;Nordihydroguaiaretic Acid;Cyclodextrin;Carbomer;Hexylene Glycol;Potassium Hydroxide;Fragrance;Silica;Ethylbisiminomethylguaiacol Manganese Chloride;Disodium Edta;Bht;Phenoxyethanol",0.0,9.0,996.0,3.8889,1.7,Moisturizers,44.12,43.21,0.9,sun protect,nan
Sun protect,CLARINS,Multi-Active Day Cream SPF 20 - All Skin Types,54,3.5,"Water, Glycerin, Butyloctyl Salicylate, Dimethicone, C12-15 Alkyl Benzoate, Cetearyl, Alcohol, Propanediol, Potassium Cetyl Phosphate, Parfum/Fragrance, Cellulose, Cetearyl Glucoside, Dipsacus Sylvestris Extract, Phenoxyethanol, Acrylates/C10-30 Alkyl Acrylate Crosspolymer, Caprylyl Glycol, Ci 77891/Titanium Dioxide, Tromethamine, Synthetic Fluorphlogopite, Disodium Edta, Tocopheryl Acetate, Xanthan Gum, Sodium Hyaluronate, Dimethiconol, Tocopherol, Butylene Glycol, Diospyros Mespiliformis Leaf Extract, Maltodextrin, Sanicula Europaea Extract, Myrothamnus Flabellifolia Extract, Citric Acid, Lapsana Communis Flower/Leaf/Stem Extract, Furcellaria Lumbricalis Extract, Sodium Citrate, Potassium Sorbate, Ascorbic Acid, Glycolic Acid, Lactic Acid, Maris Sal/Sea Salt/Sel Marin.Ci 14700/Red 4.Ci 17200/Red 33.Polyvinyl Alcohol.Copper Palmitoyl Heptapeptide-14 .Heptapeptide-15 Palmitate.",0,0,0,0,0,multi_active_day_cream_spf_20_all_skin_types,clarins,sun_protect,clarins_multi_active_day_cream_spf_20_all_skin_types,0.0,63.0,2530.0,3.6032,1.7,Moisturizers,32.35,5.72,2.49,"Glycerin;Butyloctyl Salicylate;Dimethicone;C12-15 Alkyl Benzoate;Cetearyl;Alcohol;Propanediol;Potassium Cetyl Phosphate;Parfum/Fragrance;Cellulose;Cetearyl Glucoside;Dipsacus Sylvestris Extract;Phenoxyethanol;Acrylates/C10-30 Alkyl Acrylate Crosspolymer;Caprylyl Glycol;Ci 77891/Titanium Dioxide;Tromethamine;Synthetic Fluorphlogopite;Disodium Edta;Tocopheryl Acetate;Xanthan Gum;Sodium Hyaluronate;Dimethiconol;Tocopherol;Butylene Glycol;Diospyros Mespiliformis Leaf Extract;Maltodextrin;Sanicula Europaea Extract;Myrothamnus Flabellifolia Extract;Citric Acid;Lapsana Communis Flower/Leaf/Stem Extract;Furcellaria Lumbricalis Extract;Sodium Citrate;Potassium Sorbate;Ascorbic Acid;Glycolic Acid;Lactic Acid;Maris Sal/Sea Salt/Sel Marin,Ci 14700/Red 4,Ci 17200/Red 33,Polyvinyl Alcohol,Copper Palmitoyl Heptapeptide-14 ,Heptapeptide-15 Palmitate,",0.0,63.0,2530.0,3.6032,1.7,Moisturizers,32.35,5.72,2.49,sun protect,Very Low (0 - 3k)
Sun protect,LANCÔME,Bienfait Teinté Beauty Balm Sunscreen Broad Spectrum SPF 30,49,4.2,"Water, Cyclopentasiloxane, Cyclohexasiloxane, Glycerin, Phenyl Trimethicone, Polyglyceryl-4 Isostearate, Hexyl Laurate, Cetyl Peg/Ppg-10/1 Dimethicone, Disteardimonium Hectorite, Pentylene Glycol, Moringa Pterygosperma Seed Extract, Triethanolamine, Trihydroxystearin, Silica, Alumina, Aluminum Hydroxide, Magnesium Sulfate, Alcohol Denat., Ascorbyl Glucoside, Disodium Stearoyl Glutamate, Acetylated Glycol Stearate, Panthenol, Castanea Sativa (Chestnut) Seed Extract, Tocopheryl Acetate, Methylparaben, Phenoxyethanol, Diazolidinyl Urea, Linalool, Geraniol, Alpha-Isomethyl Ionone, Citronellol, Benzyl Alcohol, Benzyl Salicylate, Fragrance, May Contain: Titanium Dioxide, Iron Oxides.",0,0,0,0,0,bienfait_teinté_beauty_balm_sunscreen_broad_spectrum_spf_30,lancôme,sun_protect,lancôme_bienfait_teinté_beauty_balm_sunscreen_broad_spectrum_spf_30,,,,,,,,,,"Cyclopentasiloxane;Cyclohexasiloxane;Glycerin;Phenyl Trimethicone;Polyglyceryl-4 Isostearate;Hexyl Laurate;Cetyl Peg/Ppg-10/1 Dimethicone;Disteardimonium Hectorite;Pentylene Glycol;Moringa Pterygosperma Seed Extract;Triethanolamine;Trihydroxystearin;Silica;Alumina;Aluminum Hydroxide;Magnesium Sulfate;Alcohol Denat,;Ascorbyl Glucoside;Disodium Stearoyl Glutamate;Acetylated Glycol Stearate;Panthenol;Castanea Sativa (Chestnut) Seed Extract;Tocopheryl Acetate;Methylparaben;Phenoxyethanol;Diazolidinyl Urea;Linalool;Geraniol;Alpha-Isomethyl Ionone;Citronellol;Benzyl Alcohol;Benzyl Salicylate;Fragrance;May Contain: Titanium Dioxide;Iron Oxides,",0.0,95.0,8632.0,4.2526,1.7,,27.65,4.48,1.1,sun protect,nan
Sun protect,SHISEIDO,Future Solution LX Total Protective Cream Broad Spectrum SPF 20 Sunscreen,260,5.0,"Glycerin, Dipropylene Glycol, Behenyl Alcohol, Butylene Glycol, Isohexadecane, Sd Alcohol 40-B, Silica, Caprylic/Capric Triglyceride, Myristyl Myristate, Dimethicone, Polybutylene Glycol/Ppg-9/1 Copolymer, Sorbitol, Stearyl Alcohol, Phytosteryl Macadamiate, Tocopheryl Acetate, Peg/Ppg-17/4 Dimethyl Ether, Piperidinepropionic Acid, 2-O-Ethyl Ascorbic Acid, Prunus Speciosa Leaf Extract, Angelica Acutiloba Root Extract, Isodonis Japonicus Leaf/Stalk Extract, Camellia Sinensis Leaf Extract, Zanthoxylum Piperitum Peel Extract, Beheneth-20, Succinoglycan, Trisodium Edta, Sodium Citrate, Alcohol, Bht, Sodium Metaphosphate, Citric Acid, Talc, Dextrin Palmitate, Tocopherol, Methylparaben, Ethylparaben, Fragrance, Iron Oxides.",1,1,1,1,1,future_solution_lx_total_protective_cream_broad_spectrum_spf_20_sunscreen,shiseido,sun_protect,shiseido_future_solution_lx_total_protective_cream_broad_spectrum_spf_20_sunscreen,,,,,,,,,,"Glycerin;Dipropylene Glycol;Behenyl Alcohol;Butylene Glycol;Isohexadecane;Sd Alcohol 40-B;Silica;Caprylic/Capric Triglyceride;Myristyl Myristate;Dimethicone;Polybutylene Glycol/Ppg-9/1 Copolymer;Sorbitol;Stearyl Alcohol;Phytosteryl Macadamiate;Tocopheryl Acetate;Peg/Ppg-17/4 Dimethyl Ether;Piperidinepropionic Acid;2-O-Ethyl Ascorbic Acid;Prunus Speciosa Leaf Extract;Angelica Acutiloba Root Extract;Isodonis Japonicus Leaf/Stalk Extract;Camellia Sinensis Leaf Extract;Zanthoxylum Piperitum Peel Extract;Beheneth-20;Succinoglycan;Trisodium Edta;Sodium Citrate;Alcohol;Bht;Sodium Metaphosphate;Citric Acid;Talc;Dextrin Palmitate;Tocopherol;Methylparaben;Ethylparaben;Fragrance;Iron Oxides,",,,,,,,,,,sun protect,nan
Sun protect,ORIGINS,Plantscription™ SPF 25 Power Anti-Aging Oil-Free Cream,60,4.6,"Avobenzone 3.0%, Homosalate 5.0%, Octisalate 4.5%, Octocrylene 2.8%Water, Butyloctyl Salicylate, Nylon-12, Octyldodecyl Neopentanoate, Behenyl Alcohol, Myristyl Myristate, Dimethicone, Cetyl Esters, Polyethylene, Butylene Glycol, Ammonium Acryloyldimethyltaurate/Vp Copolymer, Glycerin, Rosa Damascena Flower Oil*, Lavandula Angustifolia (Lavender) Oil*, Pelargonium Graveolens Flower Oil*, Illicium Verum (Anise) Fruit/Seed Oil*, Citrus Aurantium Bergamia (Bergamot) Fruit Oil*, Carthamus Tinctorius (Safflower) Seed Oil*, Myristica Fragrans (Nutmeg) Kernel Oil*, Citrus Aurantium Dulcis (Orange) Peel Oil*, Citrus Nobilis (Mandarin Orange) Peel Oil*, Citrus Limon (Lemon) Peel Oil*, Litsea Cubeba Fruit Oil*, Hibiscus Abelmoschus Extract, Geraniol, Linalool, Citronellol, Limonene, Citral, Coffea Arabica (Coffee) Seed Extract, Sigesbeckia Orientalis (St. Paul'S Wort) Extract, Peucedanum Graveolens (Dill) Extract, Hordeum Vulgare (Barley) Extract/Extrait D'Orge, Pisum Sativum (Pea) Extract, Cholesterol, Micrococcus Lysate, Bambusa Vulgaris (Bamboo) Extract, Glyceryl Stearate, Triticum Vulgare (Wheat) Germ Extract, Crithmum Maritimum Extract, Anogeissus Leiocarpus Bark Extract, Rosmarinus Officinalis (Rosemary) Leaf Extract, Caffeine, Centaurium Erythraea (Centaury) Extract, Rubus Idaeus (Raspberry) Leaf Extract, Cassia Alata Leaf Extract, Phytosphingosine, Trisiloxane, Laminaria Digitata Extract, Acetyl Hexapeptide-8, Hydrolyzed Algin, Glucosamine Hcl, Peg-100 Stearate, Sodium Hyaluronate, Peg-6, Di-Ppg-2 Myreth-10 Adipate, Steareth-21, Tocopheryl Acetate, Caprylyl Glycol, Ethylhexylglycerin, Squalane, Linoleic Acid, Trehalose, Tetrahexyldecyl Ascorbate, Citric Acid, Sodium Pca, Lecithin, Maltodextrin, Hexylene Glycol, Sodium Dehydroacetate, Disodium Edta, Phenoxyethanol, Mica * Essential Oil Please be aware that ingredient lists may change or vary from time to time.� Please refer to the ingredient list on the product package you receive for the most up to date list of ingredients.",1,0,1,1,1,plantscription_spf_25_power_anti_aging_oil_free_cream,origins,sun_protect,origins_plantscription_spf_25_power_anti_aging_oil_free_cream,,,,,,,,,,"Avobenzone 3,0%;Homosalate 5,0%;Octisalate 4,5%;Octocrylene 2,8%Water;Butyloctyl Salicylate;Nylon-12;Octyldodecyl Neopentanoate;Behenyl Alcohol;Myristyl Myristate;Dimethicone;Cetyl Esters;Polyethylene;Butylene Glycol;Ammonium Acryloyldimethyltaurate/Vp Copolymer;Glycerin;Rosa Damascena Flower Oil*;Lavandula Angustifolia (Lavender) Oil*;Pelargonium Graveolens Flower Oil*;Illicium Verum (Anise) Fruit/Seed Oil*;Citrus Aurantium Bergamia (Bergamot) Fruit Oil*;Carthamus Tinctorius (Safflower) Seed Oil*;Myristica Fragrans (Nutmeg) Kernel Oil*;Citrus Aurantium Dulcis (Orange) Peel Oil*;Citrus Nobilis (Mandarin Orange) Peel Oil*;Citrus Limon (Lemon) Peel Oil*;Litsea Cubeba Fruit Oil*;Hibiscus Abelmoschus Extract;Geraniol;Linalool;Citronellol;Limonene;Citral;Coffea Arabica (Coffee) Seed Extract;Sigesbeckia Orientalis (St, Paul'S Wort) Extract;Peucedanum Graveolens (Dill) Extract;Hordeum Vulgare (Barley) Extract/Extrait D'Orge;Pisum Sativum (Pea) Extract;Cholesterol;Micrococcus Lysate;Bambusa Vulgaris (Bamboo) Extract;Glyceryl Stearate;Triticum Vulgare (Wheat) Germ Extract;Crithmum Maritimum Extract;Anogeissus Leiocarpus Bark Extract;Rosmarinus Officinalis (Rosemary) Leaf Extract;Caffeine;Centaurium Erythraea (Centaury) Extract;Rubus Idaeus (Raspberry) Leaf Extract;Cassia Alata Leaf Extract;Phytosphingosine;Trisiloxane;Laminaria Digitata Extract;Acetyl Hexapeptide-8;Hydrolyzed Algin;Glucosamine Hcl;Peg-100 Stearate;Sodium Hyaluronate;Peg-6;Di-Ppg-2 Myreth-10 Adipate;Steareth-21;Tocopheryl Acetate;Caprylyl Glycol;Ethylhexylglycerin;Squalane;Linoleic Acid;Trehalose;Tetrahexyldecyl Ascorbate;Citric Acid;Sodium Pca;Lecithin;Maltodextrin;Hexylene Glycol;Sodium Dehydroacetate;Disodium Edta;Phenoxyethanol;Mica * Essential Oil Please be aware that ingredient lists may change or vary from time to time,� Please refer to the ingredient list on the product package you receive for the most up to date list of ingredients,",1.0,35.0,5366.0,4.4286,1.7,,35.29,12.65,0.65,sun protect,nan
Sun protect,SHISEIDO,Sports BB Broad Spectrum SPF 50+ WetForce,38,4.1,"Water, Dimethicone, Trimethylsiloxysilicate, Isododecane, Methyl Methacrylate Crosspolymer, Sd Alcohol 40-B, Xylitol, Isopropyl Myristate, Aluminum Hydroxide, Peg-9 Polydimethylsiloxyethyl Dimethicone, Aluminum Distearate, Isostearic Acid, Dextrin Palmitate, Bis-Butyldimethicone Polyglyceryl-3, Serine, Glycine, Sodium Pca, Aspartic Acid, Peg/Ppg-14/7 Dimethyl Ether, Saxifraga Sarmentosa Extract, Sophora Angustifolia Root Extract, Disteardimonium Hectorite, Trisodium Edta, Silica, Alanine, Polymethylsilsesquioxane, Talc, Alumina, Alcohol, Sodium Citrate, Polysilicone-2, Triethoxycaprylylsilane, Hydrogen Dimethicone, Butylene Glycol, Citric Acid, Tocopherol, Stearic Acid, Bht, Syzygium Jambos Leaf Extract, Methylparaben, Ethylparaben, Fragrance, Titanium Dioxide, Iron Oxides, Mica.",1,1,1,1,0,sports_bb_broad_spectrum_spf_50_wetforce,shiseido,sun_protect,shiseido_sports_bb_broad_spectrum_spf_50_wetforce,,,,,,,,,,"Dimethicone;Trimethylsiloxysilicate;Isododecane;Methyl Methacrylate Crosspolymer;Sd Alcohol 40-B;Xylitol;Isopropyl Myristate;Aluminum Hydroxide;Peg-9 Polydimethylsiloxyethyl Dimethicone;Aluminum Distearate;Isostearic Acid;Dextrin Palmitate;Bis-Butyldimethicone Polyglyceryl-3;Serine;Glycine;Sodium Pca;Aspartic Acid;Peg/Ppg-14/7 Dimethyl Ether;Saxifraga Sarmentosa Extract;Sophora Angustifolia Root Extract;Disteardimonium Hectorite;Trisodium Edta;Silica;Alanine;Polymethylsilsesquioxane;Talc;Alumina;Alcohol;Sodium Citrate;Polysilicone-2;Triethoxycaprylylsilane;Hydrogen Dimethicone;Butylene Glycol;Citric Acid;Tocopherol;Stearic Acid;Bht;Syzygium Jambos Leaf Extract;Methylparaben;Ethylparaben;Fragrance;Titanium Dioxide;Iron Oxides;Mica,",,,,,,,,,,sun protect,nan
Sun protect,COOLA,Rōsilliance™ Organic BB+ Cream SPF 30,52,3.8,"Aluminum Hydroxide Octyldodecyl Oleate, Caprylohydroxamic acid Oryza Sativa (Rice) Bran Oil*, Caprylyl Glycol Plankton Extract, Carthamus Tinctorius (Safflower) Seed Oil*, Propanediol Citrus Aurantium Dulcis (Orange) Fruit Water*, Rosa Damascena Leaf Cell Extract, Cocoglycerides Rosmarinus Officinalis (Rosemary) Leaf Extract*, Commiphora Myrrha Leaf Cell Extract Trisodium Ethylenediamine Disuccinate, Cucumis Sativus (Cucumber) Fruit Extract*, Water, Dicaprylyl Carbonate Xanthan Gum, Euterpe Oleracea Pulp Oil*, Flavor, Glycerin*, Helianthus Annuus (Sunflower) Seed Extract*, Helianthus Annuus (Sunflower) Seed Oil*, Hydrogen Dimethicone, Hydrolyzed Wheat Protein, PVP Crosspolymer, Hydroxyethyl Acrylate/Sodium Acryloyldimethyl Taurate Copolymer, Iron Oxides, Mica. *Certified Organic.",1,1,1,0,1,rōsilliance_organic_bb_cream_spf_30,coola,sun_protect,coola_rōsilliance_organic_bb_cream_spf_30,,,,,,,,,,"Aluminum Hydroxide Octyldodecyl Oleate;Caprylohydroxamic acid Oryza Sativa (Rice) Bran Oil*;Caprylyl Glycol Plankton Extract;Carthamus Tinctorius (Safflower) Seed Oil*;Propanediol Citrus Aurantium Dulcis (Orange) Fruit Water*;Rosa Damascena Leaf Cell Extract;Cocoglycerides Rosmarinus Officinalis (Rosemary) Leaf Extract*;Commiphora Myrrha Leaf Cell Extract Trisodium Ethylenediamine Disuccinate;Cucumis Sativus (Cucumber) Fruit Extract*;Dicaprylyl Carbonate Xanthan Gum;Euterpe Oleracea Pulp Oil*;Flavor;Glycerin*;Helianthus Annuus (Sunflower) Seed Extract*;Helianthus Annuus (Sunflower) Seed Oil*;Hydrogen Dimethicone;Hydrolyzed Wheat Protein;PVP Crosspolymer;Hydroxyethyl Acrylate/Sodium Acryloyldimethyl Taurate Copolymer;Iron Oxides;Mica, *Certified Organic,",1.0,143.0,8630.0,3.8671,1.5,,34.67,2.7,1.66,sun protect,nan
Sun protect,DIOR,Hydra Life BB Creme Broad Spectrum SPF 30,60,4.0,"-Jisten (Transversal Technology): LVMH patent, cultivated in Uzbekistan; optimizes the flow of water on the surface and in depth of the skin. -Black Rose (Transversal Technology): Cultivated in France; delays the appearance of first signs of aging by reinforcing the natural anti-free radical defense of the skin. -Centella (Transversal Technology): Cultivated in Madagascar, plumps the look of skin by supporting natural collagen production and enhancing water movements in the skin’s upper layers. -Octinoxate, Oxybenzone, and Titanium Dioxide: Provide broad spectrum UVA/UVB protection.",0,0,0,0,0,hydra_life_bb_creme_broad_spectrum_spf_30,dior,sun_protect,dior_hydra_life_bb_creme_broad_spectrum_spf_30,,,,,,,,,,"-Jisten (Transversal Technology): LVMH patent;cultivated in Uzbekistan; optimizes the flow of water on the surface and in depth of the skin, -Black Rose (Transversal Technology): Cultivated in France; delays the appearance of first signs of aging by reinforcing the natural anti-free radical defense of the skin, -Centella (Transversal Technology): Cultivated in Madagascar;plumps the look of skin by supporting natural collagen production and enhancing water movements in the skin’s upper layers, -Octinoxate;Oxybenzone;and Titanium Dioxide: Provide broad spectrum UVA/UVB protection,",,,,,,,,,,sun protect,nan
Sun protect,SUPERGOOP!,Defense Refresh Setting Mist Broad Spectrum SPF 50,28,3.3,"-Avobenzone 3%, Homosalate 4%, Octisalate 3%, and Octinoxate 6%: Deliver broad-spectrum sun protection. -Silica Silylate: Helps to control oil and reduce shine. -Rosemary Leaf Oil and Peppermint Stem/Leaf Oil: Soothe inflammation while providing an uplifting sensory experience. Alcohol Denat, Butyloctyl Salicylate, Isododecane, Dicaprylyl Carbonate, Silica Silylate, Water, PVP, Caprylic/Capric Triglyceride, Mentha Piperita (Peppermint) Stem/Leaf Oil, Mentha Viridis (Spearmint) Leaf Oil, Rosmarinus Officinalis (Rosemary) Leaf Oil.",1,1,1,1,0,defense_refresh_setting_mist_broad_spectrum_spf_50,supergoop!,sun_protect,supergoop!_defense_refresh_setting_mist_broad_spectrum_spf_50,1.0,1000.0,32423.0,3.2617,3.4,Moisturizers,8.24,0.33,3.08,"-Avobenzone 3%;Homosalate 4%;Octisalate 3%;and Octinoxate 6%: Deliver broad-spectrum sun protection, -Silica Silylate: Helps to control oil and reduce shine, -Rosemary Leaf Oil and Peppermint Stem/Leaf Oil: Soothe inflammation while providing an uplifting sensory experience, Alcohol Denat;Butyloctyl Salicylate;Isododecane;Dicaprylyl Carbonate;Silica Silylate;PVP;Caprylic/Capric Triglyceride;Mentha Piperita (Peppermint) Stem/Leaf Oil;Mentha Viridis (Spearmint) Leaf Oil;Rosmarinus Officinalis (Rosemary) Leaf Oil,",1.0,1000.0,32423.0,3.2617,3.4,Moisturizers,8.24,0.33,3.08,sun protect,Very High (26k - 193k)
Sun protect,LANCÔME,Bienfait Multi-Vital Sunscreen Lotion Broad Spectrum SPF 30,49,4.2,No Info,0,0,0,0,0,bienfait_multi_vital_sunscreen_lotion_broad_spectrum_spf_30,lancôme,sun_protect,lancôme_bienfait_multi_vital_sunscreen_lotion_broad_spectrum_spf_30,,,,,,,,,,No Info,0.0,132.0,3317.0,4.1591,1.69,,29.59,3.15,3.98,sun protect,nan
Sun protect,SEPHORA COLLECTION,8 HR Mattifying Moisturizer Sunscreen Broad Spectrum SPF20,23,4.2,Visit the SEPHORA COLLECTION boutique,1,1,1,1,1,8_hr_mattifying_moisturizer_sunscreen_broad_spectrum_spf20,sephora_collection,sun_protect,sephora_collection_8_hr_mattifying_moisturizer_sunscreen_broad_spectrum_spf20,0.0,510.0,6994.0,4.1941,1.69,Moisturizers,13.61,0.82,7.29,Visit the SEPHORA COLLECTION boutique,0.0,510.0,6994.0,4.1941,1.69,Moisturizers,13.61,0.82,7.29,sun protect,Medium (7k - 13k)
Sun protect,CLINIQUE,Smart Broad Spectrum SPF 15 Custom-Repair Moisturizer for Dry Combination Skin,55,4.3,"Avobenzone 3.0% , Octisalate 5.0%Water , Glycerin , Butyloctyl Salicylate , Polyester-8 , Octyldodecyl Neopentanoate , Behenyl Alcohol , Butylene Glycol , Myristyl Myristate , Cetyl Esters , Ammonium Acryloyldimethyltaurate/Vp Copolymer , Tamarindus Indica Seed Extract , Plankton Extract , Centaurium Erythraea (Centaury) Extract , Sigesbeckia Orientalis (St. Paul'S Wort) Extract , Glyceryl Stearate , Algae Extract , Caffeine , Camellia Sinensis Leaf Extract , Saccharomyces Ferment Filtrate , Whey Protein/Lactis Protein/Proteine Du Petit-Lait , Nylon-12 , Acetyl Hexapeptide-8 , Sucrose , Biotin , Ergothioneine , Myristyl Laurate , Lauryl Peg-9 Polydimethylsiloxyethyl Dimethicone , Polyethylene , Aminopropyl Ascorbyl Phosphate , Glycine Soja (Soybean) Protein , Peg-100 Stearate , Steareth-21 , Dimethicone , Acetyl Glucosamine , Astrocaryum Murumuru Seed Butter , Trisiloxane , Caprylyl Glycol , Tocopheryl Acetate , Myristyl Alcohol , Sodium Hyaluronate , Hexylene Glycol , Hydroxyethylcellulose , Sodium Benzoate , Sodium Citrate , Lecithin , Disodium Edta , Phenoxyethanol , Yellow 5 (Ci 19140) , Red 4 (Ci 14700)",0,0,0,0,0,smart_broad_spectrum_spf_15_custom_repair_moisturizer_for_dry_combination_skin,clinique,sun_protect,clinique_smart_broad_spectrum_spf_15_custom_repair_moisturizer_for_dry_combination_skin,0.0,26.0,1666.0,4.3462,2.0,Moisturizers,27.5,16.72,1.56,"Avobenzone 3,0%;Octisalate 5,0%Water;Glycerin;Butyloctyl Salicylate;Polyester-8;Octyldodecyl Neopentanoate;Behenyl Alcohol;Butylene Glycol;Myristyl Myristate;Cetyl Esters;Ammonium Acryloyldimethyltaurate/Vp Copolymer;Tamarindus Indica Seed Extract;Plankton Extract;Centaurium Erythraea (Centaury) Extract;Sigesbeckia Orientalis (St, Paul'S Wort) Extract;Glyceryl Stearate;Algae Extract;Caffeine;Camellia Sinensis Leaf Extract;Saccharomyces Ferment Filtrate;Whey Protein/Lactis Protein/Proteine Du Petit-Lait;Nylon-12;Acetyl Hexapeptide-8;Sucrose;Biotin;Ergothioneine;Myristyl Laurate;Lauryl Peg-9 Polydimethylsiloxyethyl Dimethicone;Polyethylene;Aminopropyl Ascorbyl Phosphate;Glycine Soja (Soybean) Protein;Peg-100 Stearate;Steareth-21;Dimethicone;Acetyl Glucosamine;Astrocaryum Murumuru Seed Butter;Trisiloxane;Caprylyl Glycol;Tocopheryl Acetate;Myristyl Alcohol;Sodium Hyaluronate;Hexylene Glycol;Hydroxyethylcellulose;Sodium Benzoate;Sodium Citrate;Lecithin;Disodium Edta;Phenoxyethanol;Yellow 5 (Ci 19140);Red 4 (Ci 14700)",0.0,26.0,1666.0,4.3462,2.0,Moisturizers,27.5,16.72,1.56,sun protect,Very Low (0 - 3k)
Sun protect,CLINIQUE,Age Defense BB Cream Broad Spectrum SPF 30,39,3.9,Visit the CLINIQUE boutique,0,0,0,0,0,age_defense_bb_cream_broad_spectrum_spf_30,clinique,sun_protect,clinique_age_defense_bb_cream_broad_spectrum_spf_30,0.0,756.0,11331.0,3.8585,1.4,Moisturizers,27.86,0.51,6.67,Visit the CLINIQUE boutique,0.0,756.0,11331.0,3.8585,1.4,Moisturizers,27.86,0.51,6.67,sun protect,Medium (7k - 13k)
Sun protect,VOLITION BEAUTY,Prismatic Luminizing Shield SPF 50,35,4.2,"Cyclopentasiloxane, Water, Coconut Alkanes, Isododecane, Glycerin, Polyglyceryl-3 Polydimethylsiloxyethyl Dimethicone, PEG/PPG-18/18 Dimethicone, Adipic Acid/Neopentyl Glycol Crosspolymer, Lauryl Dimethicone, Triethoxysilylethyl Polydimethylsiloxyethyl Hexyl Dimethicone, Aluminum Hydroxide, Stearic Acid, Butylene Glycol, Phenoxyethanol, Synthetic Fluorphlogopite, Titanium Dioxide, Hydrogenated Polyisobutene, Actinidia Chinensis (Kiwi) Fruit Water, Coco-Caprylate/Caprate, Caprylyl Glycol, Ethylhexylglycerin, Hexylene Glycol, Alcohol, Sophora Flavescens Root Extract, Sodium Hyaluronate, Glycyrrhiza Uralensis (Licorice) Root Extract, Hydrogenated Lecithin, CI 77491, CI 77492.",1,1,1,1,1,prismatic_luminizing_shield_spf_50,volition_beauty,sun_protect,volition_beauty_prismatic_luminizing_shield_spf_50,1.0,198.0,14621.0,4.2727,1.0,Moisturizers,35.0,2.16,1.35,"Cyclopentasiloxane;Coconut Alkanes;Isododecane;Glycerin;Polyglyceryl-3 Polydimethylsiloxyethyl Dimethicone;PEG/PPG-18/18 Dimethicone;Adipic Acid/Neopentyl Glycol Crosspolymer;Lauryl Dimethicone;Triethoxysilylethyl Polydimethylsiloxyethyl Hexyl Dimethicone;Aluminum Hydroxide;Stearic Acid;Butylene Glycol;Phenoxyethanol;Synthetic Fluorphlogopite;Titanium Dioxide;Hydrogenated Polyisobutene;Actinidia Chinensis (Kiwi) Fruit Water;Coco-Caprylate/Caprate;Caprylyl Glycol;Ethylhexylglycerin;Hexylene Glycol;Alcohol;Sophora Flavescens Root Extract;Sodium Hyaluronate;Glycyrrhiza Uralensis (Licorice) Root Extract;Hydrogenated Lecithin;CI 77491;CI 77492,",1.0,198.0,14621.0,4.2727,1.0,Moisturizers,35.0,2.16,1.35,sun protect,High (13k - 26k)
Sun protect,ESTÉE LAUDER,Daywear Advanced Multi-Protection Anti-Oxidant Creme Oil-Free Broad Spectrum SPF 25,54,3.8,Visit the Estée Lauder boutique,0,0,0,0,0,daywear_advanced_multi_protection_anti_oxidant_creme_oil_free_broad_spectrum_spf_25,estée_lauder,sun_protect,estée_lauder_daywear_advanced_multi_protection_anti_oxidant_creme_oil_free_broad_spectrum_spf_25,,,,,,,,,,Visit the Estée Lauder boutique,0.0,37.0,3299.0,3.8108,1.7,Moisturizers,31.76,10.3,1.12,sun protect,nan
Sun protect,SMASHBOX,Photo Finish Foundation Primer SPF 20,42,4.1,"Avobenzone 2.00%, Homosalate 15.00%, Octisalate 5.00%, Cyclopentasiloxane, Polysilicone-11, Dimethicone Crosspolymer, C12-15 Alkyl Benzoate, Tocopheryl Acetate, Cola Acuminata (Kola) Seed Extract, Vitis Vinifera (Grape) Seed Extract, Carthamus Tinctorius (Safflower) Seed Oil, Polyglyceryl-4 Isostearate, Cetyl Peg/Ppg-10/1 Dimethicone, Octyldodecyl Neopentanoate, Tribehenin, Ceramide 2, Peg-10 Rapeseed Sterol, Palmitoyl Oligopeptide, Acetyl Hexapeptide-8, Phenyl Trimethicone, Water, Silica, Laureth-12, Hexyl Laurate, Vp/Hexadecene Copolymer, Triethoxycaprylylsilane, Caprylyl Glycol, Hexylene Glycol, Hydrogenated Polydecene, Phenoxyethanol, Potassium Sorbate, Iron Oxides (Ci 77491)",1,1,1,1,1,photo_finish_foundation_primer_spf_20,smashbox,sun_protect,smashbox_photo_finish_foundation_primer_spf_20,,,,,,,,,,"Avobenzone 2,00%;Homosalate 15,00%;Octisalate 5,00%;Cyclopentasiloxane;Polysilicone-11;Dimethicone Crosspolymer;C12-15 Alkyl Benzoate;Tocopheryl Acetate;Cola Acuminata (Kola) Seed Extract;Vitis Vinifera (Grape) Seed Extract;Carthamus Tinctorius (Safflower) Seed Oil;Polyglyceryl-4 Isostearate;Cetyl Peg/Ppg-10/1 Dimethicone;Octyldodecyl Neopentanoate;Tribehenin;Ceramide 2;Peg-10 Rapeseed Sterol;Palmitoyl Oligopeptide;Acetyl Hexapeptide-8;Phenyl Trimethicone;Silica;Laureth-12;Hexyl Laurate;Vp/Hexadecene Copolymer;Triethoxycaprylylsilane;Caprylyl Glycol;Hexylene Glycol;Hydrogenated Polydecene;Phenoxyethanol;Potassium Sorbate;Iron Oxides (Ci 77491)",,,,,,,,,,sun protect,nan
Sun protect,TARTE,Tarteguard Mineral Powder Sunscreen Broad Spectrum SPF 30,28,4.2,"Polymethylsilsesquioxane, Silica, Jojoba Esters, Caprylyl Glycol, Alumina, Sodium Dehydroacetate, Phenoxyethanol, Vanillin, Caprylic/Capric Triglyceride, Hexylene Glycol, Vanilla Planifolia Fruit Extract, Aluminum Dimyristate, Triethoxycaprylylsilane, Disodium Stearoyl Glutamate, Iron Oxides, Mica.",1,1,1,1,1,tarteguard_mineral_powder_sunscreen_broad_spectrum_spf_30,tarte,sun_protect,tarte_tarteguard_mineral_powder_sunscreen_broad_spectrum_spf_30,,,,,,,,,,"Polymethylsilsesquioxane;Silica;Jojoba Esters;Caprylyl Glycol;Alumina;Sodium Dehydroacetate;Phenoxyethanol;Vanillin;Caprylic/Capric Triglyceride;Hexylene Glycol;Vanilla Planifolia Fruit Extract;Aluminum Dimyristate;Triethoxycaprylylsilane;Disodium Stearoyl Glutamate;Iron Oxides;Mica,",,,,,,,,,,sun protect,nan
Sun protect,KIEHL'S SINCE 1851,Ultra Facial Moisturizer SPF 30,31,3.7,"Water, Propylene Glycol, Dicaprylyl Ether, Glycerin, Peg-100 Stearate, Glyceryl Stearate, Squalane, Hydrogenated Polyisobutene, Phenoxyethanol, Sorbitan Oleate, Caprylyl Glycol, Acrylates/C10-30 Alkyl Acrylate Crosspolymer, Triethanolamine, Beeswax, Tocopherol, Disodium Edta, Stearic Acid, Myristyl Alcohol, Sweet Almond Oil, Apricot Kernel Oil, Avocado Oil.",1,1,1,1,1,ultra_facial_moisturizer_spf_30,kiehl's_since_1851,sun_protect,kiehl's_since_1851_ultra_facial_moisturizer_spf_30,0.0,26.0,3614.0,3.7692,4.2,Moisturizers,7.62,14.5,0.72,"Propylene Glycol;Dicaprylyl Ether;Glycerin;Peg-100 Stearate;Glyceryl Stearate;Squalane;Hydrogenated Polyisobutene;Phenoxyethanol;Sorbitan Oleate;Caprylyl Glycol;Acrylates/C10-30 Alkyl Acrylate Crosspolymer;Triethanolamine;Beeswax;Tocopherol;Disodium Edta;Stearic Acid;Myristyl Alcohol;Sweet Almond Oil;Apricot Kernel Oil;Avocado Oil,",0.0,26.0,3614.0,3.7692,4.2,Moisturizers,7.62,14.5,0.72,sun protect,Low (3k - 7k)
Sun protect,SHISEIDO,Benefiance NutriPerfect Day Cream Broad Spectrum SPF 18,90,4.1,No Info,0,0,0,0,0,benefiance_nutriperfect_day_cream_broad_spectrum_spf_18,shiseido,sun_protect,shiseido_benefiance_nutriperfect_day_cream_broad_spectrum_spf_18,0.0,16.0,727.0,4.0625,1.7,Moisturizers,54.71,25.39,2.2,No Info,0.0,16.0,727.0,4.0625,1.7,Moisturizers,54.71,25.39,2.2,sun protect,Very Low (0 - 3k)
Sun protect,CLINIQUE,Super City Block Oil-Free Daily Face Protector Broad Spectrum 40 SPF,26,4.2,"Octinoxate 7.50% , Octisalate 2.00% , Titanium Dioxide 7.30% , Zinc Oxide 9.60%Water , Trioctyldodecyl Citrate , Butylene Glycol , Dimethicone , Octyldodecyl Neopentanoate , Steareth-2 , Silica , Rosa Roxburghii Fruit Extract , Citrus Unshiu Peel Extract , Porphyra Yezoensis (Algae) Extract , Glycyrrhiza Glabra (Licorice) Root Extract , Saccharomyces Lysate Extract , Cucumis Sativus (Cucumber) Fruit Extract , Betula Alba (Birch) Bark Extract , Hordeum Vulgare (Barley) Extract/Extrait D'Orge , Rosmarinus Officinalis (Rosemary) Leaf Extract , Helianthus Annuus (Sunflower) Seedcake , Gentiana Lutea (Gentian) Root Extract , Yeast Extract/Faex/Extrait De Levure , Sodium Rna , Magnesium Ascorbyl Phosphate , Dipotassium Glycyrrhizate , Tocopheryl Acetate , Pantethine , Squalane , Polyglyceryl-6 Polyricinoleate , Propylene Glycol Dicaprate , Chamomilla Recutita (Matricaria) , Hexylene Glycol , Peg/Ppg-18/18 Dimethicone , Caprylyl Glycol , Barium Sulfate , Polyethylene , Magnesium Aluminum Silicate , Lecithin , Ceteth-2 , Peg-40 Stearate , Sodium Stearate , Steareth-20 , Sorbitan Tristearate , Isopropyl Titanium Triisostearate , Xanthan Gum , Stearic Acid , Aluminum Hydroxide , Citric Acid , Disodium Edta , Bht , Phenoxyethanol , Mica , Iron Oxides (Ci 77491, Ci 77492, Ci 77499) , Titanium Dioxide (Ci 77891)",0,0,0,0,0,super_city_block_oil_free_daily_face_protector_broad_spectrum_40_spf,clinique,sun_protect,clinique_super_city_block_oil_free_daily_face_protector_broad_spectrum_40_spf,,,,,,,,,,"Octinoxate 7,50%;Octisalate 2,00%;Titanium Dioxide 7,30%;Zinc Oxide 9,60%Water;Trioctyldodecyl Citrate;Butylene Glycol;Dimethicone;Octyldodecyl Neopentanoate;Steareth-2;Silica;Rosa Roxburghii Fruit Extract;Citrus Unshiu Peel Extract;Porphyra Yezoensis (Algae) Extract;Glycyrrhiza Glabra (Licorice) Root Extract;Saccharomyces Lysate Extract;Cucumis Sativus (Cucumber) Fruit Extract;Betula Alba (Birch) Bark Extract;Hordeum Vulgare (Barley) Extract/Extrait D'Orge;Rosmarinus Officinalis (Rosemary) Leaf Extract;Helianthus Annuus (Sunflower) Seedcake;Gentiana Lutea (Gentian) Root Extract;Yeast Extract/Faex/Extrait De Levure;Sodium Rna;Magnesium Ascorbyl Phosphate;Dipotassium Glycyrrhizate;Tocopheryl Acetate;Pantethine;Squalane;Polyglyceryl-6 Polyricinoleate;Propylene Glycol Dicaprate;Chamomilla Recutita (Matricaria);Hexylene Glycol;Peg/Ppg-18/18 Dimethicone;Caprylyl Glycol;Barium Sulfate;Polyethylene;Magnesium Aluminum Silicate;Lecithin;Ceteth-2;Peg-40 Stearate;Sodium Stearate;Steareth-20;Sorbitan Tristearate;Isopropyl Titanium Triisostearate;Xanthan Gum;Stearic Acid;Aluminum Hydroxide;Citric Acid;Disodium Edta;Bht;Phenoxyethanol;Mica;Iron Oxides (Ci 77491;Ci 77492;Ci 77499);Titanium Dioxide (Ci 77891)",,,,,,,,,,sun protect,nan
Sun protect,FIRST AID BEAUTY,Ultra Repair® Pure Mineral Sunscreen Moisturizer Broad Spectrum SPF 40,30,3.6,"Water, Butyloctyl Salicylate, Cetearyl Alcohol, Caprylic/Capric Triglyceride, Steareth-2, Dimethicone, Squalane, Glycerin, Butylene Glycol, Alumina, Ceteareth-20, Colloidal Oatmeal, Urea, Allantoin, Butyrospermum Parkii (Shea) Butter, Copaifera Officinalis (Balsam Copaiba) Resin, Limnanthes Alba (Meadowfoam) Seed Oil, Persea Gratissima (Avocado) Oil, Chrysanthemum Parthenium (Feverfew) Extract, Camellia Sinensis Leaf Extract, Glycyrrhiza Glabra (Licorice) Root Extract, Ceramide NP, Tocopheryl Acetate, Triethoxycaprylylsilane, Caprylyl Glycol, Isopropyl Titanium Triisostearate, C13-14 Isoparaffin, C12-15 Alkyl Benzoate, Polyhydroxystearic Acid, Laureth-7, Methicone, Leuconostoc/Radish Root Ferment Filtrate, Xanthan Gum, Polyacrylamide, Phenoxyethanol, Disodium EDTA, EDTA.",1,1,1,1,1,ultra_repair_pure_mineral_sunscreen_moisturizer_broad_spectrum_spf_40,first_aid_beauty,sun_protect,first_aid_beauty_ultra_repair_pure_mineral_sunscreen_moisturizer_broad_spectrum_spf_40,,,,,,,,,,"Butyloctyl Salicylate;Cetearyl Alcohol;Caprylic/Capric Triglyceride;Steareth-2;Dimethicone;Squalane;Glycerin;Butylene Glycol;Alumina;Ceteareth-20;Colloidal Oatmeal;Urea;Allantoin;Butyrospermum Parkii (Shea) Butter;Copaifera Officinalis (Balsam Copaiba) Resin;Limnanthes Alba (Meadowfoam) Seed Oil;Persea Gratissima (Avocado) Oil;Chrysanthemum Parthenium (Feverfew) Extract;Camellia Sinensis Leaf Extract;Glycyrrhiza Glabra (Licorice) Root Extract;Ceramide NP;Tocopheryl Acetate;Triethoxycaprylylsilane;Caprylyl Glycol;Isopropyl Titanium Triisostearate;C13-14 Isoparaffin;C12-15 Alkyl Benzoate;Polyhydroxystearic Acid;Laureth-7;Methicone;Leuconostoc/Radish Root Ferment Filtrate;Xanthan Gum;Polyacrylamide;Phenoxyethanol;Disodium EDTA;EDTA,",0.0,205.0,10473.0,3.6,2.0,,15.0,1.76,1.96,sun protect,nan
Sun protect,KIEHL'S SINCE 1851,Powerful Wrinkle Reducing Cream Sunscreen Broad Spectrum SPF 30,74,3.5,"Water Glycerin, Cetearyl Alcohol, Isohexadecane, Glyceryl Stearate, Cyclohexasiloxane, Isononyl Isononanoate, Shea Butter, Peg-100 Stearate, Ceteareth-20, Phenoxyethanol, Butylene Glycol, Ammonium Polyacryloyldimethyl Taurate, Caprylyl Glycol, Tocopherol, Chlorphenesin, Xanthan Gum, Disodium Edta, P-Anisic Acid, Calcium Pca, Adenosine, Copper Pca, Alteromonas Ferment Extract, Corallina Officinalis Extract, Citric Acid, Sodium Hydroxide.",1,1,1,1,1,powerful_wrinkle_reducing_cream_sunscreen_broad_spectrum_spf_30,kiehl's_since_1851,sun_protect,kiehl's_since_1851_powerful_wrinkle_reducing_cream_sunscreen_broad_spectrum_spf_30,0.0,8.0,1207.0,3.75,2.5,Moisturizers,29.6,46.88,0.66,"Water Glycerin;Cetearyl Alcohol;Isohexadecane;Glyceryl Stearate;Cyclohexasiloxane;Isononyl Isononanoate;Shea Butter;Peg-100 Stearate;Ceteareth-20;Phenoxyethanol;Butylene Glycol;Ammonium Polyacryloyldimethyl Taurate;Caprylyl Glycol;Tocopherol;Chlorphenesin;Xanthan Gum;Disodium Edta;P-Anisic Acid;Calcium Pca;Adenosine;Copper Pca;Alteromonas Ferment Extract;Corallina Officinalis Extract;Citric Acid;Sodium Hydroxide,",0.0,8.0,1207.0,3.75,2.5,Moisturizers,29.6,46.88,0.66,sun protect,Very Low (0 - 3k)
Sun protect,COOLA,Mineral Face SPF 30 - Cucumber Matte,36,4.4,"Aluminum Hydroxide, Butyrospermum Parkii (Organic Shea Butter), Cucumis Sativus (Organic Cucumber) Fruit Extract, Cyclopentasiloxane, Dimethicone Crosspolymer, Glycerin (Organic), Hydrogen Dimethicone, Isopropyl Myristate, Linum Usitatissimum (Organic Linseed) Seed Oil, Oenothera Biennis (Organic Evening Primrose) Oil, Plankton Extract, Polyamide-5, Polysilicone-11, Propylene Carbonate, Rosa Canina (Organic Rose Hip) Fruit Oil, Silica Silylate, Stearalkonium Hectorite.",1,0,1,1,1,mineral_face_spf_30_cucumber_matte,coola,sun_protect,coola_mineral_face_spf_30_cucumber_matte,,,,,,,,,,"Aluminum Hydroxide;Butyrospermum Parkii (Organic Shea Butter);Cucumis Sativus (Organic Cucumber) Fruit Extract;Cyclopentasiloxane;Dimethicone Crosspolymer;Glycerin (Organic);Hydrogen Dimethicone;Isopropyl Myristate;Linum Usitatissimum (Organic Linseed) Seed Oil;Oenothera Biennis (Organic Evening Primrose) Oil;Plankton Extract;Polyamide-5;Polysilicone-11;Propylene Carbonate;Rosa Canina (Organic Rose Hip) Fruit Oil;Silica Silylate;Stearalkonium Hectorite,",,,,,,,,,,sun protect,nan
Sun protect,KIEHL'S SINCE 1851,Super Multi-Corrective Cream Sunscreen Broad Spectrum SPF 30,84,3.5,"Water, Glycerin, Dimethicone, Glyceryl Stearate, Hydroxypropyl Tetrahydropyrantriol, Silica, Peg-100 Stearate, Propylene Glycol, Euphorbia Cerifera (Candelilla) Wax, Phenoxyethanol, Ammonium Polyacryloyldimethyl Taurate, Stearic Acid, Dicaprylyl Carbonate, Cetyl Alcohol, Palmitic Acid, Capryloyl Salicylic Acid, Caprylyl Glycol, Xanthan Gum, Dimethicone/Vinyl Dimethicone Crosspolymer, Fragrance, Disodium EDTA, Tocopherol, Sodium Hyaluronate, Adenosine, Linalool, Sodium Hydroxide, Jasminum Officinale (Jasmine) Flower Extract, Citronellol, Geraniol, Citral, Benzyl Alcohol, Citric Acid.",1,1,1,1,1,super_multi_corrective_cream_sunscreen_broad_spectrum_spf_30,kiehl's_since_1851,sun_protect,kiehl's_since_1851_super_multi_corrective_cream_sunscreen_broad_spectrum_spf_30,0.0,4.0,1063.0,3.5,2.5,Moisturizers,34.0,87.5,0.38,"Glycerin;Dimethicone;Glyceryl Stearate;Hydroxypropyl Tetrahydropyrantriol;Silica;Peg-100 Stearate;Propylene Glycol;Euphorbia Cerifera (Candelilla) Wax;Phenoxyethanol;Ammonium Polyacryloyldimethyl Taurate;Stearic Acid;Dicaprylyl Carbonate;Cetyl Alcohol;Palmitic Acid;Capryloyl Salicylic Acid;Caprylyl Glycol;Xanthan Gum;Dimethicone/Vinyl Dimethicone Crosspolymer;Fragrance;Disodium EDTA;Tocopherol;Sodium Hyaluronate;Adenosine;Linalool;Sodium Hydroxide;Jasminum Officinale (Jasmine) Flower Extract;Citronellol;Geraniol;Citral;Benzyl Alcohol;Citric Acid,",0.0,4.0,1063.0,3.5,2.5,Moisturizers,34.0,87.5,0.38,sun protect,Very Low (0 - 3k)
Sun protect,LA MER,The Broad Spectrum SPF 50 UV Protecting Fluid,95,4.7,"Avobenzone 3.00%, Homosalate 5.00%, Octisalate 5.00%, Octocrylene 2.70%, Oxybenzone 3.00%, Water, Butyloctyl Salicylate, Methyl Trimethicone, Neopentyl Glycol Diheptanoate, Aleurites Moluccana (Kukui) Seed Oil, Lauryl Peg-9 Polydimethylsiloxyethyl Dimethicone, Peg-100 Stearate, Butylene Glycol, Glyceryl Stearate, Dipentaerythrityl Tri-Polyhydroxystearate, Potassium Cetyl Phosphate, Algae (Seaweed) Extract, Sesamum Indicum (Sesame) Seed Oil, Medicago Sativa (Alfalfa) Seed Powder, Helianthus Annuus (Sunflower) Seedcake, Prunus Amygdalus Dulcis (Sweet Almond) Seed Meal, Eucalyptus Globulus (Eucalyptus) Leaf Oil, Sodium Gluconate, Copper Gluconate, Calcium Gluconate, Magnesium Gluconate, Zinc Gluconate, Tocopheryl Succinate, Niacin, Sesamum Indicum (Sesame) Seed Powder, Laminaria Ochroleuca Extract, Malachite, Caffeine, Sorbitol, Sodium Hyaluronate, Cetyl Alcohol, Stearic Acid, Vp/Eicosene Copolymer, Ethylhexylglycerin, Saccharide Isomerate, Caprylic/Capric Triglyceride, Caprylyl Glycol, Ammonium Acryloyldimethyltaurate/Vp Copolymer, Dehydroxanthan Gum, Sodium Dehydroacetate, Citric Acid, Tourmaline, Styrene/Acrylates Copolymer, Silica, Peg-8 Laurate, Fragrance, Disodium Edta, Phenoxyethanol, Limonene, Geraniol, Hydroxycitronellal, Linalool, Citronellol, Mica, Green 5 (Ci 61570), Titanium Dioxide (Ci 77891)",0,0,0,0,0,the_broad_spectrum_spf_50_uv_protecting_fluid,la_mer,sun_protect,la_mer_the_broad_spectrum_spf_50_uv_protecting_fluid,,,,,,,,,,"Avobenzone 3,00%;Homosalate 5,00%;Octisalate 5,00%;Octocrylene 2,70%;Oxybenzone 3,00%;Butyloctyl Salicylate;Methyl Trimethicone;Neopentyl Glycol Diheptanoate;Aleurites Moluccana (Kukui) Seed Oil;Lauryl Peg-9 Polydimethylsiloxyethyl Dimethicone;Peg-100 Stearate;Butylene Glycol;Glyceryl Stearate;Dipentaerythrityl Tri-Polyhydroxystearate;Potassium Cetyl Phosphate;Algae (Seaweed) Extract;Sesamum Indicum (Sesame) Seed Oil;Medicago Sativa (Alfalfa) Seed Powder;Helianthus Annuus (Sunflower) Seedcake;Prunus Amygdalus Dulcis (Sweet Almond) Seed Meal;Eucalyptus Globulus (Eucalyptus) Leaf Oil;Sodium Gluconate;Copper Gluconate;Calcium Gluconate;Magnesium Gluconate;Zinc Gluconate;Tocopheryl Succinate;Niacin;Sesamum Indicum (Sesame) Seed Powder;Laminaria Ochroleuca Extract;Malachite;Caffeine;Sorbitol;Sodium Hyaluronate;Cetyl Alcohol;Stearic Acid;Vp/Eicosene Copolymer;Ethylhexylglycerin;Saccharide Isomerate;Caprylic/Capric Triglyceride;Caprylyl Glycol;Ammonium Acryloyldimethyltaurate/Vp Copolymer;Dehydroxanthan Gum;Sodium Dehydroacetate;Citric Acid;Tourmaline;Styrene/Acrylates Copolymer;Silica;Peg-8 Laurate;Fragrance;Disodium Edta;Phenoxyethanol;Limonene;Geraniol;Hydroxycitronellal;Linalool;Citronellol;Mica;Green 5 (Ci 61570);Titanium Dioxide (Ci 77891)",,,,,,,,,,sun protect,nan
Sun protect,SUPERGOOP!,Supergoop! x Milly Defense Refresh Setting Mist Broad Spectrum Sunscreen SPF 50,28,3.7,Visit the Supergoop! boutique,1,1,1,1,1,supergoop!_x_milly_defense_refresh_setting_mist_broad_spectrum_sunscreen_spf_50,supergoop!,sun_protect,supergoop!_supergoop!_x_milly_defense_refresh_setting_mist_broad_spectrum_sunscreen_spf_50,,,,,,,,,,Visit the Supergoop! boutique,,,,,,,,,,sun protect,nan
Sun protect,COOLA,Daydream™ Mineral Primer SPF 30,42,4.2,"Alumina, Cyclopentasiloxane, Dimethicone, Dimethicone/Vinyl, Dimethicone Crosspolymer, Hexyl Laurate, Iris Pallida Leaf Cell Extract, Isododecane, Lonicera Japonica Callus Extract, Mica, Nymphaea Alba Leaf Cell Extract, PEG-10 Dimethicone, Polyglyceryl-4 Isostearate, Polysilicone-11, Silica, Stearic Acid, Titanium Dioxide, Trimethylsiloxysilicate.",1,0,1,1,1,daydream_mineral_primer_spf_30,coola,sun_protect,coola_daydream_mineral_primer_spf_30,,,,,,,,,,"Alumina;Cyclopentasiloxane;Dimethicone;Dimethicone/Vinyl;Dimethicone Crosspolymer;Hexyl Laurate;Iris Pallida Leaf Cell Extract;Isododecane;Lonicera Japonica Callus Extract;Mica;Nymphaea Alba Leaf Cell Extract;PEG-10 Dimethicone;Polyglyceryl-4 Isostearate;Polysilicone-11;Silica;Stearic Acid;Titanium Dioxide;Trimethylsiloxysilicate,",,,,,,,,,,sun protect,nan
Sun protect,SHISEIDO,Ultimate Sun Protection Spray Broad Spectrum SPF 50+ For Face/Body,36,4.2,"-Rose Apple Leaf Extract: Counteracts oxidation, the process which accelerates skin aging, and helps prevent DNA damage caused by UV rays. -Super-Veil 360: Provides extreme skin protection; allows sunscreen to fit perfectly on the uneven surface of the skin providing high protection from UV rays at all angles. -Profense CEL: Supports natural protection of cells and DNA from UV damage by supporting enzyme activity which is the cause of future uneven skin tone and wrinkles. -Xylitol: Helps keep skin soft and healthy-looking. -Avobenzone 3%, Homosalate 15%, Octisalate 5%, Octocrylene 2.5%, Oxybenzone 5%: Provide sun protection properties.",0,0,0,0,0,ultimate_sun_protection_spray_broad_spectrum_spf_50_for_face_body,shiseido,sun_protect,shiseido_ultimate_sun_protection_spray_broad_spectrum_spf_50_for_face_body,,,,,,,,,,"-Rose Apple Leaf Extract: Counteracts oxidation;the process which accelerates skin aging;and helps prevent DNA damage caused by UV rays, -Super-Veil 360: Provides extreme skin protection; allows sunscreen to fit perfectly on the uneven surface of the skin providing high protection from UV rays at all angles, -Profense CEL: Supports natural protection of cells and DNA from UV damage by supporting enzyme activity which is the cause of future uneven skin tone and wrinkles, -Xylitol: Helps keep skin soft and healthy-looking, -Avobenzone 3%;Homosalate 15%;Octisalate 5%;Octocrylene 2,5%;Oxybenzone 5%: Provide sun protection properties,",,,,,,,,,,sun protect,nan
Sun protect,SHISEIDO,Ultimate Sun Protection Lotion WetForce SPF 50+ Mini,22,5.0,"Water, Dimethicone, SD Alcohol 40-B, Talc, Methyl Methacrylate Crosspolymer, Isododecane, Cetyl Ethylhexanoate, Diisopropyl Sebacate, Triethylhexanoin, Lauryl PEG-9 Polydimethylsiloxyethyl Dimethicone, Glycerin, Dextrin Palmitate, Sucrose Tetrastearate Triacetate, Polybutylene Glycol/PPG-9/1 Copolymer, Trimethylsiloxysilicate, Xylitol, Silica, Sodium Chloride, PEG/PPG-14/7 Dimethyl Ether, Saxifraga Sarmentosa Extract, Sophora Angustifolia Root Extract, Disteardimonium Hectorite, Isostearic Acid, Calcium Stearate, Trisodium EDTA, Vinyl Dimethicone/Methicone Silsesquioxane Crosspolymer, Alcohol, BHT, Butylene Glycol, Stearic Acid, Sodium Metabisulfite, Syzygium Jambos Leaf Extract, Tocopherol, Polysilicone-2, Methylparaben, Fragrance, Iron Oxides.",1,1,1,1,1,ultimate_sun_protection_lotion_wetforce_spf_50_mini,shiseido,sun_protect,shiseido_ultimate_sun_protection_lotion_wetforce_spf_50_mini,,,,,,,,,,"Dimethicone;SD Alcohol 40-B;Talc;Methyl Methacrylate Crosspolymer;Isododecane;Cetyl Ethylhexanoate;Diisopropyl Sebacate;Triethylhexanoin;Lauryl PEG-9 Polydimethylsiloxyethyl Dimethicone;Glycerin;Dextrin Palmitate;Sucrose Tetrastearate Triacetate;Polybutylene Glycol/PPG-9/1 Copolymer;Trimethylsiloxysilicate;Xylitol;Silica;Sodium Chloride;PEG/PPG-14/7 Dimethyl Ether;Saxifraga Sarmentosa Extract;Sophora Angustifolia Root Extract;Disteardimonium Hectorite;Isostearic Acid;Calcium Stearate;Trisodium EDTA;Vinyl Dimethicone/Methicone Silsesquioxane Crosspolymer;Alcohol;BHT;Butylene Glycol;Stearic Acid;Sodium Metabisulfite;Syzygium Jambos Leaf Extract;Tocopherol;Polysilicone-2;Methylparaben;Fragrance;Iron Oxides,",,,,,,,,,,sun protect,nan
Sun protect,SHISEIDO,Wetforce Clear Stick UV Protector Broad Spectrum 50+,28,4.3,"Diphenylsiloxy Phenyl Trimethicone, Triethylhexanoin, Mineral Oil, Hydroxystearic Acid, Dibutyl Lauroyl Glutamide, Polyamide-8, Peg/Ppg-14/7 Dimethyl Ether, Lecithin, Glycyrrhiza Glabra (Licorice) Root Extract, Ppg-17, Silica Dimethyl Silylate, BHT, Tocopherol, Pentaerythrityl Tetra-Di-T-Butyl Hydroxyhydrocinnamate, Fragrance.",1,1,1,1,1,wetforce_clear_stick_uv_protector_broad_spectrum_50,shiseido,sun_protect,shiseido_wetforce_clear_stick_uv_protector_broad_spectrum_50,,,,,,,,,,"Diphenylsiloxy Phenyl Trimethicone;Triethylhexanoin;Mineral Oil;Hydroxystearic Acid;Dibutyl Lauroyl Glutamide;Polyamide-8;Peg/Ppg-14/7 Dimethyl Ether;Lecithin;Glycyrrhiza Glabra (Licorice) Root Extract;Ppg-17;Silica Dimethyl Silylate;BHT;Tocopherol;Pentaerythrityl Tetra-Di-T-Butyl Hydroxyhydrocinnamate;Fragrance,",,,,,,,,,,sun protect,nan
Sun protect,PETER THOMAS ROTH,Instant Mineral SPF 45,30,3.4,"Silica, Aluminum Hydroxide, Stearic Acid, Polymethylsilsesquioxane, Triethoxycaprylylsilane, Retinyl Palmitate (Vitamin A), Tocopheryl Acetate (Vitamin E), Ascorbyl Palmitate (Vitamin C), Salix Alba (Willow) Bark Extract, Water, Butylene Glycol, Chlorphenesin, Potassium Sorbate, Tetrasodium EDTA.",1,1,1,1,1,instant_mineral_spf_45,peter_thomas_roth,sun_protect,peter_thomas_roth_instant_mineral_spf_45,,,,,,,,,,"Silica;Aluminum Hydroxide;Stearic Acid;Polymethylsilsesquioxane;Triethoxycaprylylsilane;Retinyl Palmitate (Vitamin A);Tocopheryl Acetate (Vitamin E);Ascorbyl Palmitate (Vitamin C);Salix Alba (Willow) Bark Extract;Butylene Glycol;Chlorphenesin;Potassium Sorbate;Tetrasodium EDTA,",,,,,,,,,,sun protect,nan
Sun protect,ILIA,Sheer Vivid Tinted Moisturizer SPF 20,42,3.7,"Water, Aloe Barbadensis Leaf Juice, Glycerin, Caprylic Capric Triglyceride, Sesamum Indicum (Sesame) Seed Oil*, Polyglyceryl-2 Oleate, Polyhydroxystearic Acid, Polyglyceryl-2 Stearate, Behenyl Olivate, Chondrus Crispus Extract, Persea Gratissima (Avocado) Oil, Camellia Sinensis (White Peony Tea) leaf*, Dimethicone, Cocos Nucifera (Coconut) Oil*, Butyrospermun Parkii (Shea Butter)*, Rosa Canina (Rosehip) Seed Oil*, Rosmarinus Officinalis (Rosemary) Leaf*, Jasminum Officinale (Jasmine) Flower/Leaf Extract, Lavandula Angustifolia (Lavender) Flower/Leaf/Steam Extract, Eugenia Caryophyllus (Clove) Flower Extract, Vitis Vinifera (Grape) Fruit Extract, Sodium Hyaluronate, Tocopherol, Ethylhexylglycerin, Phenethyl alcohol. May contain (+/-): Mica, Titanium Dioxide (Ci 77891), Iron Oxide (Ci 77491, Ci 77492, Ci 77499).",1,1,1,1,1,sheer_vivid_tinted_moisturizer_spf_20,ilia,sun_protect,ilia_sheer_vivid_tinted_moisturizer_spf_20,,,,,,,,,,"Aloe Barbadensis Leaf Juice;Glycerin;Caprylic Capric Triglyceride;Sesamum Indicum (Sesame) Seed Oil*;Polyglyceryl-2 Oleate;Polyhydroxystearic Acid;Polyglyceryl-2 Stearate;Behenyl Olivate;Chondrus Crispus Extract;Persea Gratissima (Avocado) Oil;Camellia Sinensis (White Peony Tea) leaf*;Dimethicone;Cocos Nucifera (Coconut) Oil*;Butyrospermun Parkii (Shea Butter)*;Rosa Canina (Rosehip) Seed Oil*;Rosmarinus Officinalis (Rosemary) Leaf*;Jasminum Officinale (Jasmine) Flower/Leaf Extract;Lavandula Angustifolia (Lavender) Flower/Leaf/Steam Extract;Eugenia Caryophyllus (Clove) Flower Extract;Vitis Vinifera (Grape) Fruit Extract;Sodium Hyaluronate;Tocopherol;Ethylhexylglycerin;Phenethyl alcohol, May contain (+/-): Mica;Titanium Dioxide (Ci 77891);Iron Oxide (Ci 77491;Ci 77492;Ci 77499),",,,,,,,,,,sun protect,nan
Sun protect,DIOR,One Essential City Defense SPF 50,59,4.3,Visit the Dior boutique,0,0,0,0,0,one_essential_city_defense_spf_50,dior,sun_protect,dior_one_essential_city_defense_spf_50,,,,,,,,,,Visit the Dior boutique,,,,,,,,,,sun protect,nan
Sun protect,CLINIQUE,Superdefense SPF 20 Age Defense Moisturizer Combination Oily to Oily,48,4.0,"Avobenzone 3.00% , Octisalate 5.00%Water , Butyloctyl Salicylate , Glycerin , Polyester-8 , Polysorbate 60 , Dimethicone , Butylene Glycol , Cetyl Alcohol , Sorbitan Stearate , Tridecyl Stearate , Peg-100 Stearate , Trehalose , Sigesbeckia Orientalis (St. Paul'S Wort) Extract , Hordeum Vulgare (Barley) Extract/Extrait D'Orge , Triticum Vulgare (Wheat) Germ Extract , Arabidopsis Thaliana Extract , Laminaria Saccharina Extract , Plankton Extract , Algae Extract , Sea Whip Extract , Lactobacillus Ferment , Micrococcus Lysate , Ergothioneine , Caffeine , Lecithin , Sodium Hyaluronate , Pentylene Glycol , Tridecyl Trimellitate , Dipentaerythrityl Hexacaprylate/Hexacaprate , Tocopheryl Acetate , Ethylhexylglycerin , Squalane , Cetyl Palmitate , Acrylates/C10-30 Alkyl Acrylate Crosspolymer , Sorbitan Palmitate , Sorbitan Olivate , Polyethylene , Sodium Benzoate , Ethylene/Va Copolymer , Tetrahexyldecyl Ascorbate , Dimethiconol , Sodium Polyacrylate , Sodium Hydroxide , Pentaerythrityl Tetra-Di-T-Butyl Hydroxyhydrocinnamate , Disodium Edta , Phenoxyethanol , Chlorphenesin",0,0,0,0,0,superdefense_spf_20_age_defense_moisturizer_combination_oily_to_oily,clinique,sun_protect,clinique_superdefense_spf_20_age_defense_moisturizer_combination_oily_to_oily,0.0,174.0,2296.0,3.9598,1.7,Moisturizers,28.24,2.28,7.58,"Avobenzone 3,00%;Octisalate 5,00%Water;Butyloctyl Salicylate;Glycerin;Polyester-8;Polysorbate 60;Dimethicone;Butylene Glycol;Cetyl Alcohol;Sorbitan Stearate;Tridecyl Stearate;Peg-100 Stearate;Trehalose;Sigesbeckia Orientalis (St, Paul'S Wort) Extract;Hordeum Vulgare (Barley) Extract/Extrait D'Orge;Triticum Vulgare (Wheat) Germ Extract;Arabidopsis Thaliana Extract;Laminaria Saccharina Extract;Plankton Extract;Algae Extract;Sea Whip Extract;Lactobacillus Ferment;Micrococcus Lysate;Ergothioneine;Caffeine;Lecithin;Sodium Hyaluronate;Pentylene Glycol;Tridecyl Trimellitate;Dipentaerythrityl Hexacaprylate/Hexacaprate;Tocopheryl Acetate;Ethylhexylglycerin;Squalane;Cetyl Palmitate;Acrylates/C10-30 Alkyl Acrylate Crosspolymer;Sorbitan Palmitate;Sorbitan Olivate;Polyethylene;Sodium Benzoate;Ethylene/Va Copolymer;Tetrahexyldecyl Ascorbate;Dimethiconol;Sodium Polyacrylate;Sodium Hydroxide;Pentaerythrityl Tetra-Di-T-Butyl Hydroxyhydrocinnamate;Disodium Edta;Phenoxyethanol;Chlorphenesin",0.0,174.0,2296.0,3.9598,1.7,Moisturizers,28.24,2.28,7.58,sun protect,Very Low (0 - 3k)
Sun protect,SUPERGOOP!,Glow Stick Sunscreen SPF 50,25,4.2,"Caprylic/Capric Triglyceride, Octyldodecanol, Isododecane, Isohexadecane, Dicaprylyl Carbonate, C12-15 Alkyl Benzoate, Dibutyl Lauroyl Glutamide, Polyester-8, Dibutyl Ethylhexanoyl Glutamide, Diethylhexyl Syringylidenemalonate, Helianthus Annuus (Sunflower) Seed Oil, Pentaclethra Macroloba Seed Oil, Mauritia Flexuosa Fruit Oil, Limnanthes Alba (Meadowfoam) Seed Oil, Calophyllum Inophyllum Seed Oil, Calendula Officinalis Extract, Tocopherol.",1,1,0,0,1,glow_stick_sunscreen_spf_50,supergoop!,sun_protect,supergoop!_glow_stick_sunscreen_spf_50,1.0,109.0,10286.0,4.1927,1.0,Moisturizers,25.0,3.85,1.06,"Caprylic/Capric Triglyceride;Octyldodecanol;Isododecane;Isohexadecane;Dicaprylyl Carbonate;C12-15 Alkyl Benzoate;Dibutyl Lauroyl Glutamide;Polyester-8;Dibutyl Ethylhexanoyl Glutamide;Diethylhexyl Syringylidenemalonate;Helianthus Annuus (Sunflower) Seed Oil;Pentaclethra Macroloba Seed Oil;Mauritia Flexuosa Fruit Oil;Limnanthes Alba (Meadowfoam) Seed Oil;Calophyllum Inophyllum Seed Oil;Calendula Officinalis Extract;Tocopherol,",1.0,109.0,10286.0,4.1927,1.0,Moisturizers,25.0,3.85,1.06,sun protect,Medium (7k - 13k)
Sun protect,FIRST AID BEAUTY,Hello FAB Triple Protection Skin Tint with Goji Berry SPF 30,34,4.1,"Cyclopentasiloxane, Dimethicone, Aqua (Water, Eau), Polymethyl Methacrylate, C12-15 Alkyl Benzoate, Cetyl Diglyceryl Tris(Trimethylsiloxy)silylethyl Dimethicone, Cyclohexasiloxane, Silica, Polyhydroxystearic Acid, Sodium Chloride, Lycium Barbarum Fruit Extract, Glycyrrhiza Glabra (Licorice) Root Extract, Chrysanthemum Parthenium Extract, Camellia Sinensis Leaf Extract, Alteromonas Ferment Extract, Haematococcus Pluvialis Extract, Tocopherol, Glycerin, Sodium Ascorbyl Phosphate, Propylene Carbonate, Potassium Sorbate, Disodium Stearoyl Glutamate, Hexylene Glycol, Sucrose Stearate, Polyglyceryl-10 Laurate, Lecithin, Quaternium-90 Bentonite, Butylene Glycol, Dimethicone/Vinyl Dimethicone Crosspolymer, Caprylyl Glycol, Disodium EDTA, Aluminum Hydroxide, Phenoxyethanol, CI 77891 (Titanium Dioxide), CI 77491/77492/77499 (Iron Oxides).",1,1,1,1,1,hello_fab_triple_protection_skin_tint_with_goji_berry_spf_30,first_aid_beauty,sun_protect,first_aid_beauty_hello_fab_triple_protection_skin_tint_with_goji_berry_spf_30,,,,,,,,,,"Cyclopentasiloxane;Dimethicone;Aqua (Water;Eau);Polymethyl Methacrylate;C12-15 Alkyl Benzoate;Cetyl Diglyceryl Tris(Trimethylsiloxy)silylethyl Dimethicone;Cyclohexasiloxane;Silica;Polyhydroxystearic Acid;Sodium Chloride;Lycium Barbarum Fruit Extract;Glycyrrhiza Glabra (Licorice) Root Extract;Chrysanthemum Parthenium Extract;Camellia Sinensis Leaf Extract;Alteromonas Ferment Extract;Haematococcus Pluvialis Extract;Tocopherol;Glycerin;Sodium Ascorbyl Phosphate;Propylene Carbonate;Potassium Sorbate;Disodium Stearoyl Glutamate;Hexylene Glycol;Sucrose Stearate;Polyglyceryl-10 Laurate;Lecithin;Quaternium-90 Bentonite;Butylene Glycol;Dimethicone/Vinyl Dimethicone Crosspolymer;Caprylyl Glycol;Disodium EDTA;Aluminum Hydroxide;Phenoxyethanol;CI 77891 (Titanium Dioxide);CI 77491/77492/77499 (Iron Oxides),",,,,,,,,,,sun protect,nan
Sun protect,AMOREPACIFIC,Natural Protector Broad Spectrum SPF 35 Sunscreen,65,4.0,Visit the AMOREPACIFIC boutique,1,1,1,1,1,natural_protector_broad_spectrum_spf_35_sunscreen,amorepacific,sun_protect,amorepacific_natural_protector_broad_spectrum_spf_35_sunscreen,,,,,,,,,,Visit the AMOREPACIFIC boutique,,,,,,,,,,sun protect,nan
Sun protect,FRESH,Black Tea Age-Delay Lotion Broad Spectrum Sunscreen SPF 20,70,3.5,"Water, Isostearyl Neopentanoate, Glycerin, Hydroxyethyl Acrylate/Sodium Acryloyldimenthyl Taurate Copolymer, Gylcine Soja (Soybean) Oil, Saccharomyces Ferment Filtrate, Camellia Sinensis Leaf Extract, Rubus Fruticosus (Blackberry) Leaf Extract, Litchi Chinensis Seed Extract, Adenosine, Tocopherol, Hydrogenated Lecithin, Fragrance, Ethylhexyl Palmitate, Diethylhexyl Syringylidenemalonate, Potassium Sorbate, Sodium Benzoate, Butylene Gylcol, Trisodium Edta, Xanthan Gum, Sodium Hyaluronate, Maltodextrim, Hydrogenated Phosphatidylcholine, Polysorbate 60, Sorbitan Isostearate, Bht, Caprylic/Capric Triglycer-Acid, Biotin, Phenoxyethanol, Linalool.",1,1,1,1,0,black_tea_age_delay_lotion_broad_spectrum_sunscreen_spf_20,fresh,sun_protect,fresh_black_tea_age_delay_lotion_broad_spectrum_sunscreen_spf_20,,,,,,,,,,"Isostearyl Neopentanoate;Glycerin;Hydroxyethyl Acrylate/Sodium Acryloyldimenthyl Taurate Copolymer;Gylcine Soja (Soybean) Oil;Saccharomyces Ferment Filtrate;Camellia Sinensis Leaf Extract;Rubus Fruticosus (Blackberry) Leaf Extract;Litchi Chinensis Seed Extract;Adenosine;Tocopherol;Hydrogenated Lecithin;Fragrance;Ethylhexyl Palmitate;Diethylhexyl Syringylidenemalonate;Potassium Sorbate;Sodium Benzoate;Butylene Gylcol;Trisodium Edta;Xanthan Gum;Sodium Hyaluronate;Maltodextrim;Hydrogenated Phosphatidylcholine;Polysorbate 60;Sorbitan Isostearate;Bht;Caprylic/Capric Triglycer-Acid;Biotin;Phenoxyethanol;Linalool,",,,,,,,,,,sun protect,nan
Sun protect,CLINIQUE,Broad Spectrum SPF 50 Sunscreen Face Cream,26,4.2,"Oxybenzone 5.00% , Octisalate 5.00% , Homosalate 5.00% , Avobenzone 3.00% , Octocrylene 2.70%Water , Methyl Trimethicone , Butylene Glycol , Butyloctyl Salicylate , Neopentyl Glycol Diheptanoate , Butyrospermum Parkii (Shea Butter) , Peg-100 Stearate , Silica , Dipentaerythrityl Tri-Polyhydroxystearate , Lauryl Peg-9 Polydimethylsiloxyethyl Dimethicone , Dimethicone , Glyceryl Stearate , Laurdimonium Hydroxypropyl Hydrolyzed Soy Protein , Rosmarinus Officinalis (Rosemary) Extract , Perilla Ocymoides Leaf Extract , Plankton Extract , Caffeine , Potassium Cetyl Phosphate , Sucrose , Styrene/Acrylates Copolymer , C30-38 Olefin/Isopropyl Maleate/Ma Copolymer , Cetyl Alcohol , Vp/Eicosene Copolymer , Ethylhexylglycerin , Ammonium Acryloyldimethyltaurate/Vp Copolymer , Peg-8 Laurate , Sodium Rna , Lecithin , Propyl Gallate , Arginine Ferulate , Tocopheryl Acetate , Caprylyl Glycol , Ascorbyl Tocopheryl Maleate , Stearic Acid , Xanthan Gum , Hexylene Glycol , Nordihydroguaiaretic Acid , Disodium Edta , Phenoxyethanol , Mica , Sodium Dehydroacetate",0,0,0,0,0,broad_spectrum_spf_50_sunscreen_face_cream,clinique,sun_protect,clinique_broad_spectrum_spf_50_sunscreen_face_cream,,,,,,,,,,"Oxybenzone 5,00%;Octisalate 5,00%;Homosalate 5,00%;Avobenzone 3,00%;Octocrylene 2,70%Water;Methyl Trimethicone;Butylene Glycol;Butyloctyl Salicylate;Neopentyl Glycol Diheptanoate;Butyrospermum Parkii (Shea Butter);Peg-100 Stearate;Silica;Dipentaerythrityl Tri-Polyhydroxystearate;Lauryl Peg-9 Polydimethylsiloxyethyl Dimethicone;Dimethicone;Glyceryl Stearate;Laurdimonium Hydroxypropyl Hydrolyzed Soy Protein;Rosmarinus Officinalis (Rosemary) Extract;Perilla Ocymoides Leaf Extract;Plankton Extract;Caffeine;Potassium Cetyl Phosphate;Sucrose;Styrene/Acrylates Copolymer;C30-38 Olefin/Isopropyl Maleate/Ma Copolymer;Cetyl Alcohol;Vp/Eicosene Copolymer;Ethylhexylglycerin;Ammonium Acryloyldimethyltaurate/Vp Copolymer;Peg-8 Laurate;Sodium Rna;Lecithin;Propyl Gallate;Arginine Ferulate;Tocopheryl Acetate;Caprylyl Glycol;Ascorbyl Tocopheryl Maleate;Stearic Acid;Xanthan Gum;Hexylene Glycol;Nordihydroguaiaretic Acid;Disodium Edta;Phenoxyethanol;Mica;Sodium Dehydroacetate",,,,,,,,,,sun protect,nan
Sun protect,ERBORIAN,CC Red Correct Automatic Perfector Broad Spectrum SPF 25,44,4.5,"Ethylhexyl Salicylate 2%, Water, Cyclomethicone, Dipropylene Glycol, Glycerin, Peg-10 Dimethicone, Methyl Trimethicone , CI 77891/Titanium Dioxide, C12-15 Alkyl Benzoate, Dimethicone, Vinyl Dimethicone/Methicone Silsesquioxane Crosspolymer, Disteardimonium Hectorite, Magnesium Sulfate, Butylene Glycol, Centella Asiatica Extract, Talc, Dimethicone/Vinyl Dimethicone Crosspolymer, Aluminum Hydroxide, Trihydroxystearin, Phenoxyethanol, Mica, Methicone, Palmitic Acid, Stearic Acid, Ethylhexylglycerin, Tocopheryl Acetate, Polyester-1, Silica Dimethyl Silylate, Triethoxycaprylylsilane, Parfum/Fragrance, Hexyl Cinnamal, Alpha-isomethyl Ionone, Linalool, Citronellol, Geraniol, Eugenol, Limonene, CI 77492/Iron Oxides, CI 77288/Chromium Oxide Greens, CI 77491/Iron Oxides, CI 77499/Iron Oxides.",1,1,1,1,1,cc_red_correct_automatic_perfector_broad_spectrum_spf_25,erborian,sun_protect,erborian_cc_red_correct_automatic_perfector_broad_spectrum_spf_25,0.0,22.0,3015.0,4.2273,1.5,Moisturizers,29.33,19.22,0.73,"Ethylhexyl Salicylate 2%;Cyclomethicone;Dipropylene Glycol;Glycerin;Peg-10 Dimethicone;Methyl Trimethicone;CI 77891/Titanium Dioxide;C12-15 Alkyl Benzoate;Dimethicone;Vinyl Dimethicone/Methicone Silsesquioxane Crosspolymer;Disteardimonium Hectorite;Magnesium Sulfate;Butylene Glycol;Centella Asiatica Extract;Talc;Dimethicone/Vinyl Dimethicone Crosspolymer;Aluminum Hydroxide;Trihydroxystearin;Phenoxyethanol;Mica;Methicone;Palmitic Acid;Stearic Acid;Ethylhexylglycerin;Tocopheryl Acetate;Polyester-1;Silica Dimethyl Silylate;Triethoxycaprylylsilane;Parfum/Fragrance;Hexyl Cinnamal;Alpha-isomethyl Ionone;Linalool;Citronellol;Geraniol;Eugenol;Limonene;CI 77492/Iron Oxides;CI 77288/Chromium Oxide Greens;CI 77491/Iron Oxides;CI 77499/Iron Oxides,",0.0,22.0,3015.0,4.2273,1.5,Moisturizers,29.33,19.22,0.73,sun protect,Very Low (0 - 3k)
Sun protect,BIOSSANCE,Squalane + Mineral SPF 45,39,3.7,"Water, Caprylic/Capric Triglyceride, Squalane, Polyglyceryl-3 Sorbityl, Linseedate, Cetyl Dimethicone, Dimethicone, Polymethylsilsesquioxane, Glycerin, Styrene/ Acrylates Copolymer, Thermus Thermophilus Ferment, Polyhydroxystearic Acid, Synthetic Fluorphlogopite, Sodium Chloride, Hydroxyacetophenone, Tocopheryl Acetate, Saccharide Isomerate, Caramel, Pentylene Glycol, 1,2-Hexanediol, Caprylyl Glycol, Disteardimonium Hectorite, Triethoxycaprylylsilane, Bisabolol, Benzylidene Dimethoxydimethylindanone, Citrus Aurantium Amara (Bitter Orange) Flower Extract, Zingiber Officinale (Ginger) Root Extract.",1,1,1,1,1,squalane_mineral_spf_45,biossance,sun_protect,biossance_squalane_mineral_spf_45,,,,,,,,,,"Caprylic/Capric Triglyceride;Squalane;Polyglyceryl-3 Sorbityl;Linseedate;Cetyl Dimethicone;Dimethicone;Polymethylsilsesquioxane;Glycerin;Styrene/ Acrylates Copolymer;Thermus Thermophilus Ferment;Polyhydroxystearic Acid;Synthetic Fluorphlogopite;Sodium Chloride;Hydroxyacetophenone;Tocopheryl Acetate;Saccharide Isomerate;Caramel;Pentylene Glycol;1,2-Hexanediol;Caprylyl Glycol;Disteardimonium Hectorite;Triethoxycaprylylsilane;Bisabolol;Benzylidene Dimethoxydimethylindanone;Citrus Aurantium Amara (Bitter Orange) Flower Extract;Zingiber Officinale (Ginger) Root Extract,",,,,,,,,,,sun protect,nan
Sun protect,LANCER,Sheer Fluid Sun Shield Broad Spectrum SPF 30 Sunscreen,55,4.8,"Cyclopentasiloxane, Water, Alcohol, Denat., Glycerin, Polymethyl Methacrylate, Polyglyceryl-3 Polydimethylsiloxyethyl Dimethicone, PEG/PPG-18/18 Dimethicone, Vitis Vinifera (Grape) Fruit Cell Extract, Zingiber Officinale (Ginger) Root Extract, Tropaeolum Majus Extract, Helianthus Annuus (Sunflower) Sprout Extract, Bisabolol, Tocopherol, Lecithin, PEG-9 Polydimethylsiloxyethyl Dimethicone, Triethoxysilylethyl Polydimethylsiloxyethyl Hexyl Dimethicone, Benzylidene Dimethoxydimethylindanone, Isomalt, Hexylene Glycol, Caprylyl Glycol, Ethylhexylglycerin, Phenoxyethanol.",1,1,1,1,1,sheer_fluid_sun_shield_broad_spectrum_spf_30_sunscreen,lancer,sun_protect,lancer_sheer_fluid_sun_shield_broad_spectrum_spf_30_sunscreen,,,,,,,,,,"Cyclopentasiloxane;Alcohol;Denat,;Glycerin;Polymethyl Methacrylate;Polyglyceryl-3 Polydimethylsiloxyethyl Dimethicone;PEG/PPG-18/18 Dimethicone;Vitis Vinifera (Grape) Fruit Cell Extract;Zingiber Officinale (Ginger) Root Extract;Tropaeolum Majus Extract;Helianthus Annuus (Sunflower) Sprout Extract;Bisabolol;Tocopherol;Lecithin;PEG-9 Polydimethylsiloxyethyl Dimethicone;Triethoxysilylethyl Polydimethylsiloxyethyl Hexyl Dimethicone;Benzylidene Dimethoxydimethylindanone;Isomalt;Hexylene Glycol;Caprylyl Glycol;Ethylhexylglycerin;Phenoxyethanol,",,,,,,,,,,sun protect,nan
Sun protect,SUPERGOOP!,Sun-Defying Sunscreen Oil Broad Spectrum SPF 50,34,4.1,"Octyl Dodecanol, Caprylic/Capric Triglyceride, C12-15 Alkyl Benzoate, SD Alcohol 40-B, Ethylenediamine/Hydrogenated Dimer Dilinoleate Copolymer Bis-Di-C14-18 Alkyl Amide, Isodecyl Neopentanoate Diisopropyl Sebacate, Lauryl Lactate, Alaria Esculenta Extract, Limnanthes Alba (Meadowfoam) Seed Oil, Raphanus Sativus (Radish) Seed Oil, Vitis Vinifera (Grape) Seed Oil, Helianthus Annuus (Sunflower) Seed Oil, Tocotrienol, Argania Spinosa Kernel Oil, Cocos Nucifera (Coconut) Oil, Butyrospermum Parkii (Shea) Butter, Punica Granatum Fruit Extract, Citrus Grandis (Grapefruit) Peel Extract, Citrus Aurantium Dulcis (Orange) Peel Extract, Citrus Tangerina (Tangerine) Peel Extract, Citrus Limon (Lemon) Peel Extract , Calendula Officinalis Flower Extract.",1,1,1,0,0,sun_defying_sunscreen_oil_broad_spectrum_spf_50,supergoop!,sun_protect,supergoop!_sun_defying_sunscreen_oil_broad_spectrum_spf_50,1.0,223.0,13243.0,4.1256,5.0,Moisturizers,6.8,1.85,1.68,"Octyl Dodecanol;Caprylic/Capric Triglyceride;C12-15 Alkyl Benzoate;SD Alcohol 40-B;Ethylenediamine/Hydrogenated Dimer Dilinoleate Copolymer Bis-Di-C14-18 Alkyl Amide;Isodecyl Neopentanoate Diisopropyl Sebacate;Lauryl Lactate;Alaria Esculenta Extract;Limnanthes Alba (Meadowfoam) Seed Oil;Raphanus Sativus (Radish) Seed Oil;Vitis Vinifera (Grape) Seed Oil;Helianthus Annuus (Sunflower) Seed Oil;Tocotrienol;Argania Spinosa Kernel Oil;Cocos Nucifera (Coconut) Oil;Butyrospermum Parkii (Shea) Butter;Punica Granatum Fruit Extract;Citrus Grandis (Grapefruit) Peel Extract;Citrus Aurantium Dulcis (Orange) Peel Extract;Citrus Tangerina (Tangerine) Peel Extract;Citrus Limon (Lemon) Peel Extract;Calendula Officinalis Flower Extract,",1.0,223.0,13243.0,4.1256,5.0,Moisturizers,6.8,1.85,1.68,sun protect,High (13k - 26k)
Sun protect,CLINIQUE,Smart Broad Spectrum SPF 15 Custom-Repair Moisturizer for Very Dry to Dry Skin,55,4.4,"Avobenzone 3.0% , Octisalate 5.0%Water , Glycerin , Butyloctyl Salicylate , Butyrospermum Parkii (Shea Butter) , Polyester-8 , Cetearyl Alcohol , Butylene Glycol , Glyceryl Stearate , Peg-100 Stearate , Sucrose Polystearate , Cetyl Alcohol , Dimethicone , Theobroma Grandiflorum Seed Butter , Polyethylene , Nylon-12 , Astrocaryum Murumuru Seed Butter , Camellia Sinensis Leaf Extract , Biotin , Sigesbeckia Orientalis (St. Paul'S Wort) Extract , Centaurium Erythraea (Centaury) Extract , Algae Extract , Tamarindus Indica Seed Extract , Whey Protein/Lactis Protein/Proteine Du Petit-Lait , Glycine Soja (Soybean) Protein , Ergothioneine , Acetyl Hexapeptide-8 , Saccharomyces Ferment Filtrate , Plankton Extract , Hydrogenated Polyisobutene , Acetyl Glucosamine , Caffeine , Aminopropyl Ascorbyl Phosphate , Caprylyl Glycol , Tocopheryl Acetate , Lecithin , Sodium Hyaluronate , Ammonium Acryloyldimethyltaurate/Vp Copolymer , Pentaerythrityl Tetra-Di-T-Butyl Hydroxyhydrocinnamate , Polysilicone-11 , Potassium Sorbate , Sodium Benzoate , Hydroxyethylcellulose , Citric Acid , Xanthan Gum , Sodium Citrate , Phenoxyethanol , Yellow 5 (Ci 19140) , Red 4 (Ci 14700)",0,0,0,0,0,smart_broad_spectrum_spf_15_custom_repair_moisturizer_for_very_dry_to_dry_skin,clinique,sun_protect,clinique_smart_broad_spectrum_spf_15_custom_repair_moisturizer_for_very_dry_to_dry_skin,0.0,5.0,639.0,4.4,1.7,Moisturizers,32.35,88.0,0.78,"Avobenzone 3,0%;Octisalate 5,0%Water;Glycerin;Butyloctyl Salicylate;Butyrospermum Parkii (Shea Butter);Polyester-8;Cetearyl Alcohol;Butylene Glycol;Glyceryl Stearate;Peg-100 Stearate;Sucrose Polystearate;Cetyl Alcohol;Dimethicone;Theobroma Grandiflorum Seed Butter;Polyethylene;Nylon-12;Astrocaryum Murumuru Seed Butter;Camellia Sinensis Leaf Extract;Biotin;Sigesbeckia Orientalis (St, Paul'S Wort) Extract;Centaurium Erythraea (Centaury) Extract;Algae Extract;Tamarindus Indica Seed Extract;Whey Protein/Lactis Protein/Proteine Du Petit-Lait;Glycine Soja (Soybean) Protein;Ergothioneine;Acetyl Hexapeptide-8;Saccharomyces Ferment Filtrate;Plankton Extract;Hydrogenated Polyisobutene;Acetyl Glucosamine;Caffeine;Aminopropyl Ascorbyl Phosphate;Caprylyl Glycol;Tocopheryl Acetate;Lecithin;Sodium Hyaluronate;Ammonium Acryloyldimethyltaurate/Vp Copolymer;Pentaerythrityl Tetra-Di-T-Butyl Hydroxyhydrocinnamate;Polysilicone-11;Potassium Sorbate;Sodium Benzoate;Hydroxyethylcellulose;Citric Acid;Xanthan Gum;Sodium Citrate;Phenoxyethanol;Yellow 5 (Ci 19140);Red 4 (Ci 14700)",0.0,5.0,639.0,4.4,1.7,Moisturizers,32.35,88.0,0.78,sun protect,Very Low (0 - 3k)
Sun protect,TARTE,Tarteguard 20 Tinted Moisturizer Broad Spectrum SPF 20 Sunscreen,36,4.0,"Water, Cyclopentasiloxane, Peg/Ppg-18/18 Dimethicone, Octyldodecyl Neopentanoate, Glycerin, Dimethicone, Aluminum Hydroxide, Stearic Acid, Phenoxyethanol, Mica, Boron Nitride, Sodium Dehydroacetate, Caprylyl Glycol, Sodium Chloride, Phytantriol, Kaolin, Magnesium Ascorbyl Phosphate, Palmitic Acid, Dextrin Palmitate, Sodium Hyaluronate, Hexylene Glycol, Retinyl Palmitate, Tocopheryl Acetate, Tocopherol, Tetrahexyldecyl Ascorbate, Methicone, Butylene Glycol, Triethoxycaprylylsilane, Calcium Sodium Phosphosilicate, Saccharum Officinarum (Sugar Cane) Extract, Pyrus Malus (Apple) Fruit Extract, Citrus Limon (Lemon) Fruit Extract, Citrus Aurantium Dulcis (Orange) Fruit Extract, Camellia Oleifera Leaf Extract, Panax Ginseng Root Extract, Ginkgo Biloba Leaf Extract, Anthemis Nobilis Flower Extract, Iron Oxides.",1,1,1,1,1,tarteguard_20_tinted_moisturizer_broad_spectrum_spf_20_sunscreen,tarte,sun_protect,tarte_tarteguard_20_tinted_moisturizer_broad_spectrum_spf_20_sunscreen,,,,,,,,,,"Cyclopentasiloxane;Peg/Ppg-18/18 Dimethicone;Octyldodecyl Neopentanoate;Glycerin;Dimethicone;Aluminum Hydroxide;Stearic Acid;Phenoxyethanol;Mica;Boron Nitride;Sodium Dehydroacetate;Caprylyl Glycol;Sodium Chloride;Phytantriol;Kaolin;Magnesium Ascorbyl Phosphate;Palmitic Acid;Dextrin Palmitate;Sodium Hyaluronate;Hexylene Glycol;Retinyl Palmitate;Tocopheryl Acetate;Tocopherol;Tetrahexyldecyl Ascorbate;Methicone;Butylene Glycol;Triethoxycaprylylsilane;Calcium Sodium Phosphosilicate;Saccharum Officinarum (Sugar Cane) Extract;Pyrus Malus (Apple) Fruit Extract;Citrus Limon (Lemon) Fruit Extract;Citrus Aurantium Dulcis (Orange) Fruit Extract;Camellia Oleifera Leaf Extract;Panax Ginseng Root Extract;Ginkgo Biloba Leaf Extract;Anthemis Nobilis Flower Extract;Iron Oxides,",,,,,,,,,,sun protect,nan
Sun protect,JACK BLACK,Oil-Free Sun Guard Sunscreen Water Resistant SPF 45,21,4.6,*Certified Organic,0,0,0,0,0,oil_free_sun_guard_sunscreen_water_resistant_spf_45,jack_black,sun_protect,jack_black_oil_free_sun_guard_sunscreen_water_resistant_spf_45,,,,,,,,,,*Certified Organic,,,,,,,,,,sun protect,nan
Sun protect,CLINIQUE,Pep-Start Daily UV Protector Broad Spectrum SPF 50,19,4.2,"Titanium Dioxide 6.3% , Zinc Oxide 4.0%Water , Dimethicone , Butyloctyl Salicylate , Polydiethylsiloxane , C12-15 Alkyl Benzoate , Isononyl Isononanoate , Diethylhexyl Succinate , Neopentyl Glycol Diheptanoate , Methyl Trimethicone , Butylene Glycol , Ethylhexyl Methoxycrylene , Lauryl Peg-9 Polydimethylsiloxyethyl Dimethicone , Silica , Laureth-4 , Cetyl Peg/Ppg-10/1 Dimethicone , Dipentaerythrityl Tri-Polyhydroxystearate , Hydrolyzed Wheat Protein/Pvp Crosspolymer , Caprylyl Glycol , Dimethicone Silylate , Dimethicone/Peg-10/15 Crosspolymer , Isostearic Acid , Dimethicone Crosspolymer-3 , Polyhydroxystearic Acid , Triethoxycaprylylsilane , Dipropylene Glycol , Phenoxyethanol , Iron Oxides (Ci 77491) , Iron Oxides (Ci 77492)",1,1,1,1,1,pep_start_daily_uv_protector_broad_spectrum_spf_50,clinique,sun_protect,clinique_pep_start_daily_uv_protector_broad_spectrum_spf_50,,,,,,,,,,"Titanium Dioxide 6,3%;Zinc Oxide 4,0%Water;Dimethicone;Butyloctyl Salicylate;Polydiethylsiloxane;C12-15 Alkyl Benzoate;Isononyl Isononanoate;Diethylhexyl Succinate;Neopentyl Glycol Diheptanoate;Methyl Trimethicone;Butylene Glycol;Ethylhexyl Methoxycrylene;Lauryl Peg-9 Polydimethylsiloxyethyl Dimethicone;Silica;Laureth-4;Cetyl Peg/Ppg-10/1 Dimethicone;Dipentaerythrityl Tri-Polyhydroxystearate;Hydrolyzed Wheat Protein/Pvp Crosspolymer;Caprylyl Glycol;Dimethicone Silylate;Dimethicone/Peg-10/15 Crosspolymer;Isostearic Acid;Dimethicone Crosspolymer-3;Polyhydroxystearic Acid;Triethoxycaprylylsilane;Dipropylene Glycol;Phenoxyethanol;Iron Oxides (Ci 77491);Iron Oxides (Ci 77492)",,,,,,,,,,sun protect,nan
Sun protect,TARTE,Tarteguard 30 Vegan Sunscreen Lotion Broad Spectrum SPF 30,32,3.7,"Water, Butyloctyl Salicylate, Coco-Caprylate/Caprate, C12-15 Alkyl Benzoate, Caprylic/Capric Triglyceride, Diheptyl Succinate, Polyglyceryl-6 Distearate, Propanediol, Jojoba Esters, Glycerin, Pyrus Malus (Apple) Fruit Extract, Polysorbate 20, Polyhydroxystearic Acid, Polymethylsilsesquioxane, Potassium Cetyl Phosphate, Phenoxyethanol, Alumina, Diethylhexyl Syringylidenemalonate, Xanthan Gum, Tocopherols, Glycine Soja (Soybean) Oil, Capryloyl Glycerin/Sebacic Acid Copolymer, Citric Acid, Triethoxycaprylylsilane, Lonicera Caprifolium (Honeysuckle) Flower Extract, Trisodium Ethylenediamine Disuccinate, Chlorphenesin, Fragrance/Parfum, Stearic Acid, Ethylhexylglycerin, Passiflora Edulis Seed Oil, Lonicera Japonica (Honeysuckle) Flower Extract, Algae Extract, Pseudoalteromonas Exopolysaccharides, Sodium Hyaluronate, Sodium Salicylate, Propylene Glycol, Sodium Dehydroacetate.",1,1,1,1,1,tarteguard_30_vegan_sunscreen_lotion_broad_spectrum_spf_30,tarte,sun_protect,tarte_tarteguard_30_vegan_sunscreen_lotion_broad_spectrum_spf_30,0.0,558.0,27134.0,3.7294,1.7,Moisturizers,18.82,0.67,2.06,"Butyloctyl Salicylate;Coco-Caprylate/Caprate;C12-15 Alkyl Benzoate;Caprylic/Capric Triglyceride;Diheptyl Succinate;Polyglyceryl-6 Distearate;Propanediol;Jojoba Esters;Glycerin;Pyrus Malus (Apple) Fruit Extract;Polysorbate 20;Polyhydroxystearic Acid;Polymethylsilsesquioxane;Potassium Cetyl Phosphate;Phenoxyethanol;Alumina;Diethylhexyl Syringylidenemalonate;Xanthan Gum;Tocopherols;Glycine Soja (Soybean) Oil;Capryloyl Glycerin/Sebacic Acid Copolymer;Citric Acid;Triethoxycaprylylsilane;Lonicera Caprifolium (Honeysuckle) Flower Extract;Trisodium Ethylenediamine Disuccinate;Chlorphenesin;Fragrance/Parfum;Stearic Acid;Ethylhexylglycerin;Passiflora Edulis Seed Oil;Lonicera Japonica (Honeysuckle) Flower Extract;Algae Extract;Pseudoalteromonas Exopolysaccharides;Sodium Hyaluronate;Sodium Salicylate;Propylene Glycol;Sodium Dehydroacetate,",0.0,558.0,27134.0,3.7294,1.7,Moisturizers,18.82,0.67,2.06,sun protect,Very High (26k - 193k)
Sun protect,LAURA MERCIER,Flawless Skin Mega Moisturizer SPF 15 - Normal/Dry Skin,53,4.1,"4 Isostearate, Cetyl PEG/PPG-10/1 Dimethicone, Hexyl Laurate, Dromiceius (Emu) Oil, Glycerin, Sorbitol, Cetearyl Alcohol, PEG-40 Castor Oil, Butyl Methoxydibenzoylmethane, Tocopheryl Acetate, Potassium Cetyl Phosphate, Petrolatum, Polysorbate 60, Urea, Sodium Hyaluronate, Allantoin, Sodium Ascorbate, Phenoxyethanol, Methylparaben, Tetrasodium EDTA, Carbomer, Isopropylparaben, Isobutylparaben, Butylparaben, Sodium Dehydroacetate, Aminomethyl Propanol, Linalool, Propylparaben, Acrylates/C10-C30 Alkyl Acrylate Crosspolymer.",0,0,0,0,0,flawless_skin_mega_moisturizer_spf_15_normal_dry_skin,laura_mercier,sun_protect,laura_mercier_flawless_skin_mega_moisturizer_spf_15_normal_dry_skin,,,,,,,,,,"4 Isostearate;Cetyl PEG/PPG-10/1 Dimethicone;Hexyl Laurate;Dromiceius (Emu) Oil;Glycerin;Sorbitol;Cetearyl Alcohol;PEG-40 Castor Oil;Butyl Methoxydibenzoylmethane;Tocopheryl Acetate;Potassium Cetyl Phosphate;Petrolatum;Polysorbate 60;Urea;Sodium Hyaluronate;Allantoin;Sodium Ascorbate;Phenoxyethanol;Methylparaben;Tetrasodium EDTA;Carbomer;Isopropylparaben;Isobutylparaben;Butylparaben;Sodium Dehydroacetate;Aminomethyl Propanol;Linalool;Propylparaben;Acrylates/C10-C30 Alkyl Acrylate Crosspolymer,",,,,,,,,,,sun protect,nan
Sun protect,COOLA,Classic Face Sport SPF 50 - White Tea,32,3.9,"Acacia Farnesiana (ORGANIC Acacia) Extract, AcrylatesCopolymer, Amaranthus Caudatus Seed Extract (ORGANIC), Camellia Sinensis LeafExtract (ORGANIC), Caprylhydroxamic Acid, Caprylyl Glycol, Carthamus Tinctorius(Safflower) Oleosomes, Cirtus Aurantium Dulcis (ORGANIC Orange) Fruit Water,Dicaprylyl Carbonate, Euterpe Oleracea (ORGANIC Acai) Fruit Oil, Flavor, FragariaVesca (ORGANIC Strawberry) Fruit Extract, Glycerin (ORGANIC), Helianthus Annuus(ORGANIC Sunflower) Seed Extract, 1,2-Hexanediol, Linum Usitatissimum (ORGANICLinseed) Seed Oil, Oenothera Biennis (ORGANIC Evening Primrose) Oil, PlanktonExtract, Salvia Hispanica (ORGANIC Chia) Seed Oil, Trisodium EthylenediamineDisuccinate, Water, Xanthan Gum.",1,1,1,0,1,classic_face_sport_spf_50_white_tea,coola,sun_protect,coola_classic_face_sport_spf_50_white_tea,,,,,,,,,,"Acacia Farnesiana (ORGANIC Acacia) Extract;AcrylatesCopolymer;Amaranthus Caudatus Seed Extract (ORGANIC);Camellia Sinensis LeafExtract (ORGANIC);Caprylhydroxamic Acid;Caprylyl Glycol;Carthamus Tinctorius(Safflower) Oleosomes;Cirtus Aurantium Dulcis (ORGANIC Orange) Fruit Water;Dicaprylyl Carbonate;Euterpe Oleracea (ORGANIC Acai) Fruit Oil;Flavor;FragariaVesca (ORGANIC Strawberry) Fruit Extract;Glycerin (ORGANIC);Helianthus Annuus(ORGANIC Sunflower) Seed Extract;1,2-Hexanediol;Linum Usitatissimum (ORGANICLinseed) Seed Oil;Oenothera Biennis (ORGANIC Evening Primrose) Oil;PlanktonExtract;Salvia Hispanica (ORGANIC Chia) Seed Oil;Trisodium EthylenediamineDisuccinate;Xanthan Gum,",,,,,,,,,,sun protect,nan
Sun protect,COOLA,Classic Face SPF 30 - Unscented,32,4.1,"Caprylohydroxamic Acid, Caprylyl Glycol, Carthamus Tinctorius (ORGANIC Safflower) Oleosomes, Citrus Aurantium Dulcis (ORGANIC Orange) Fruit Water, Cucumis Sativus (Cucumber) Fruit Extract, Dicaprylyl Carbonate, Euterpe Oleracea Annuus (ORGANIC Sunflower) Seed Extract, Hydrogenated Polydecene, Linum Usitatissimum (ORGANIC Linseed) Seed Oil, Oenothera Biennis (ORGANIC Evening Primrose) Oil, Plankton Extract, Propanediol, Sodium Polyacryloyldimethyl Taurate, Sodium Stearoyl Glutamate,Trideceth-10, Trisodium Ethylenediamine Disuccinate, Water, Xanthan Gum.",1,1,1,0,1,classic_face_spf_30_unscented,coola,sun_protect,coola_classic_face_spf_30_unscented,,,,,,,,,,"Caprylohydroxamic Acid;Caprylyl Glycol;Carthamus Tinctorius (ORGANIC Safflower) Oleosomes;Citrus Aurantium Dulcis (ORGANIC Orange) Fruit Water;Cucumis Sativus (Cucumber) Fruit Extract;Dicaprylyl Carbonate;Euterpe Oleracea Annuus (ORGANIC Sunflower) Seed Extract;Hydrogenated Polydecene;Linum Usitatissimum (ORGANIC Linseed) Seed Oil;Oenothera Biennis (ORGANIC Evening Primrose) Oil;Plankton Extract;Propanediol;Sodium Polyacryloyldimethyl Taurate;Sodium Stearoyl Glutamate;Trideceth-10;Trisodium Ethylenediamine Disuccinate;Xanthan Gum,",,,,,,,,,,sun protect,nan
Sun protect,FRESH,Sugar Sport Treatment Sunscreen SPF 30,25,4.1,"Cera Alba (Beeswax), Ricinus Communis (Castor) Seed Oil, Hydrogenated Olive Oil Decyl Esters, Simmondsia Chinensis (Jojoba) Seed Oil, Vitis Vinifera (Grape) Seed Oil, Copernicia Cerifera (Carnauba) Wax, Parfum (Fragrance), Persea Gratissima (Avocado) Oil, Limnanthes Alba (Meadowfoam) Seed Oil, Passiflora Incarnata Seed Oil, Sucrose Tetrastearate Triacetate, Citrus Limon (Lemon) Peel Oil, Ribes Nigrum (Black Currant) Seed Oil, Tocopherol, Ascorbyl Tetraisopalmitate, Ascorbyl Palmitate, Ammonium Glycyrrhizate, Vanillin, BHT, Limonene, Citral, Benzyl Alcohol, Linalool, Geraniol, Phenoxyethanol.",0,0,0,0,0,sugar_sport_treatment_sunscreen_spf_30,fresh,sun_protect,fresh_sugar_sport_treatment_sunscreen_spf_30,,,,,,,,,,"Cera Alba (Beeswax);Ricinus Communis (Castor) Seed Oil;Hydrogenated Olive Oil Decyl Esters;Simmondsia Chinensis (Jojoba) Seed Oil;Vitis Vinifera (Grape) Seed Oil;Copernicia Cerifera (Carnauba) Wax;Parfum (Fragrance);Persea Gratissima (Avocado) Oil;Limnanthes Alba (Meadowfoam) Seed Oil;Passiflora Incarnata Seed Oil;Sucrose Tetrastearate Triacetate;Citrus Limon (Lemon) Peel Oil;Ribes Nigrum (Black Currant) Seed Oil;Tocopherol;Ascorbyl Tetraisopalmitate;Ascorbyl Palmitate;Ammonium Glycyrrhizate;Vanillin;BHT;Limonene;Citral;Benzyl Alcohol;Linalool;Geraniol;Phenoxyethanol,",,,,,,,,,,sun protect,nan
Sun protect,MURAD,Balancing Moisturizer Broad Spectrum SPF 15 PA++,40,3.7,"Water, Butylene Glycol, Pentylene Glycol, Isononyl Isononanoate, Neopentyl Glycol Diethylhexanoate, Bis-PEG/PPG-16/16 PEG/PPG-16/16 Dimethicone, Dicaprylyl Ether, Cetearyl Alcohol, Glyceryl Stearate, PEG-100 Stearate, Urea, Yeast Amino Acids, Trehalose, Inositol, Taurine, Betaine, Phospholipids, Retinyl Palmitate, Tocopheryl Acetate, Ascorbyl Palmitate, Caprylic/Capric Triglyceride, Panthenol, Dimethicone, Magnesium Aspartate, Zinc Gluconate, Copper Gluconate , Punica Granatum Extract, Sodium Ascorbyl Phosphate, Alnus Firmifolia Fruit Extract, Artemia Extract, Lactic Acid, Epilobium Angustifolium Flower/Leaf/Stem Extract, Neopentyl Glycol Diisostearate, Polysorbate 80, Acrylates/C10-30 Alkyl Acrylate Crosspolymer, Disodium EDTA, Aminomethyl Propanol, Phenoxyethanol, Methylparaben, Ethylparaben, Propylparaben, Butylparaben, Isobutylparaben, Benzyl Salicylate, Linalool, Fragrance.",0,0,0,0,0,balancing_moisturizer_broad_spectrum_spf_15_pa,murad,sun_protect,murad_balancing_moisturizer_broad_spectrum_spf_15_pa,0.0,49.0,2495.0,3.7347,1.7,Moisturizers,23.53,7.62,1.96,"Butylene Glycol;Pentylene Glycol;Isononyl Isononanoate;Neopentyl Glycol Diethylhexanoate;Bis-PEG/PPG-16/16 PEG/PPG-16/16 Dimethicone;Dicaprylyl Ether;Cetearyl Alcohol;Glyceryl Stearate;PEG-100 Stearate;Urea;Yeast Amino Acids;Trehalose;Inositol;Taurine;Betaine;Phospholipids;Retinyl Palmitate;Tocopheryl Acetate;Ascorbyl Palmitate;Caprylic/Capric Triglyceride;Panthenol;Dimethicone;Magnesium Aspartate;Zinc Gluconate;Copper Gluconate;Punica Granatum Extract;Sodium Ascorbyl Phosphate;Alnus Firmifolia Fruit Extract;Artemia Extract;Lactic Acid;Epilobium Angustifolium Flower/Leaf/Stem Extract;Neopentyl Glycol Diisostearate;Polysorbate 80;Acrylates/C10-30 Alkyl Acrylate Crosspolymer;Disodium EDTA;Aminomethyl Propanol;Phenoxyethanol;Methylparaben;Ethylparaben;Propylparaben;Butylparaben;Isobutylparaben;Benzyl Salicylate;Linalool;Fragrance,",0.0,49.0,2495.0,3.7347,1.7,Moisturizers,23.53,7.62,1.96,sun protect,Very Low (0 - 3k)
Sun protect,SUPERGOOP!,Forever Young Body Butter with Sea Buckthorn SPF 40 PA+++,34,4.7,"Water, Isononyl Isononanoate, Caprylyl,, Methicone, Dicaprylyl Ether, Polyester-8, Dimethicone, Glycerin, Propanediol, Cetearyl Alcohol, Hydroxyethyl Acrylate/Sodium Acryloyldimethyl Taurate Copolymer Sorbitan Stearate, Phenoxyethanol, Pyrus Malus (Apple) Fruit Extract, Potassium Cetyl Phosphate, Ceteareth-20, Sodium Polyacrylate Starch, Diethylhexyl Syringylidenemalonate, Sodium PCA, Hydrogenated Palm Glycerides, Ethylhexylglycerin, Chlorphenesin, Sodium Ascorbyl Glucoside, Butylene Glycol, Disodium EDTA, Trimethylcyclohexyl Butylcarbamate, Xanthan Gum, Citrus Tangerina (Tangerine) Peel Oil, Cymbopogon Schoenanthus Oil, Elettaria Cardamomum Seed Oil, Eucalyptus Globulus Leaf Oil, Eugenia Caryophyllus (Clove) Flower Oil, Lavandula Hybrida Oil, Vanillin, Limonene, Polygonum Aviculare Extract, BHT, Citral, Hippophae Rhamnoides Fruit Extract Maltodextrin, Portulaca Oleracea Extract Potassium Sorbate, Sodium Benzoate, Tocopherol.",0,0,0,0,0,forever_young_body_butter_with_sea_buckthorn_spf_40_pa,supergoop!,sun_protect,supergoop!_forever_young_body_butter_with_sea_buckthorn_spf_40_pa,,,,,,,,,,"Isononyl Isononanoate;Caprylyl;Methicone;Dicaprylyl Ether;Polyester-8;Dimethicone;Glycerin;Propanediol;Cetearyl Alcohol;Hydroxyethyl Acrylate/Sodium Acryloyldimethyl Taurate Copolymer Sorbitan Stearate;Phenoxyethanol;Pyrus Malus (Apple) Fruit Extract;Potassium Cetyl Phosphate;Ceteareth-20;Sodium Polyacrylate Starch;Diethylhexyl Syringylidenemalonate;Sodium PCA;Hydrogenated Palm Glycerides;Ethylhexylglycerin;Chlorphenesin;Sodium Ascorbyl Glucoside;Butylene Glycol;Disodium EDTA;Trimethylcyclohexyl Butylcarbamate;Xanthan Gum;Citrus Tangerina (Tangerine) Peel Oil;Cymbopogon Schoenanthus Oil;Elettaria Cardamomum Seed Oil;Eucalyptus Globulus Leaf Oil;Eugenia Caryophyllus (Clove) Flower Oil;Lavandula Hybrida Oil;Vanillin;Limonene;Polygonum Aviculare Extract;BHT;Citral;Hippophae Rhamnoides Fruit Extract Maltodextrin;Portulaca Oleracea Extract Potassium Sorbate;Sodium Benzoate;Tocopherol,",,,,,,,,,,sun protect,nan
Sun protect,MURAD,Resurgence® Age–Balancing Moisture Broad Spectrum SPF 30,72,4.3,"Water, C12-15 Alkyl Benzoate, Glycerin, Tapioca Starch, Hydrogenated Vegetable Glycerides, Butyrospermum Parkii (Shea Butter), Caprylyl Methicone, Cetearly Alcohol, Dicaprylyl Carbonate, Helianthus Annus (Sunflower) Seed Oil, Diethylhexyl 2, 6-Naphthalate, Ethoxydiglycol, Phenyl Trimethicone, Sodium Polyacrylate, Butylene Glycol, Vitis Vinifera (Grape) Seed Oil, Jojoba Alcohol, Potassium Jojobate, Panthenol, Arginine, Allantoin, Bisabolol, Dioscorea Villosa (Wild Yam) Root Extract, Disodium EDTA, Octdecyl Di-t-butyl-4 Hydroxyhydrocinnamate, Persea Gratissima (Avocado) Oil, Tocopheryl Acetate, Benzoic Acid, Dehydroacetic Acid, Disodium Adenosine Triphosphate, Dipotassium Glycyrrhizate, Polymethylsilsequioxane, Selaginella Lepidophylla Extract, Trifolium Pratense (Clover) Flower Extract, Propylene Glycol, Betaine, Inositol, Taurine, Trehalose, Urea, Yeast Amnio Acids, Proline, Glycine, Sorbitol, Carica Papaya Fruit Extract, Algin, Sodium Hyaluronate, Hydrolyzed Soy Protein, Copper Tripeptide-1, Iris Florentina Root Extract, Phenoxyethanol, Fragrance, Limonene, Linalool.",0,0,0,0,0,resurgence_age–balancing_moisture_broad_spectrum_spf_30,murad,sun_protect,murad_resurgence_age–balancing_moisture_broad_spectrum_spf_30,,,,,,,,,,"C12-15 Alkyl Benzoate;Glycerin;Tapioca Starch;Hydrogenated Vegetable Glycerides;Butyrospermum Parkii (Shea Butter);Caprylyl Methicone;Cetearly Alcohol;Dicaprylyl Carbonate;Helianthus Annus (Sunflower) Seed Oil;Diethylhexyl 2;6-Naphthalate;Ethoxydiglycol;Phenyl Trimethicone;Sodium Polyacrylate;Butylene Glycol;Vitis Vinifera (Grape) Seed Oil;Jojoba Alcohol;Potassium Jojobate;Panthenol;Arginine;Allantoin;Bisabolol;Dioscorea Villosa (Wild Yam) Root Extract;Disodium EDTA;Octdecyl Di-t-butyl-4 Hydroxyhydrocinnamate;Persea Gratissima (Avocado) Oil;Tocopheryl Acetate;Benzoic Acid;Dehydroacetic Acid;Disodium Adenosine Triphosphate;Dipotassium Glycyrrhizate;Polymethylsilsequioxane;Selaginella Lepidophylla Extract;Trifolium Pratense (Clover) Flower Extract;Propylene Glycol;Betaine;Inositol;Taurine;Trehalose;Urea;Yeast Amnio Acids;Proline;Glycine;Sorbitol;Carica Papaya Fruit Extract;Algin;Sodium Hyaluronate;Hydrolyzed Soy Protein;Copper Tripeptide-1;Iris Florentina Root Extract;Phenoxyethanol;Fragrance;Limonene;Linalool,",0.0,23.0,1748.0,4.3043,1.7,,43.53,18.71,1.32,sun protect,nan
Sun protect,COOLA,Makeup Setting Spray SPF 30,36,3.4,"Alcohol*, Aloe Barbadensis Leaf Extract*, Algae Extract*, Citrus Aurantium Dulcis (Orange) Fruit Water*, Cucumis Sativus (Cucumber) Fruit Extract*, Dicaprylyl Carbonate, Diisopropyl Adipate, Ethyl Ferulate, Flavor, Glycerin*, Helianthus Annuus (Sunflower) Seed Oil, Isodecyl Neopentanoate, Juniperus Communis Callus Extract, Paeonia Lactiflora Leaf Cell Extract, Phoenix Dactilyfera (Date) Leaf Cell Extract, PVP, Silica Silylate, Sodium Hyaluronate, Water. *Certified Organic.",1,0,1,1,0,makeup_setting_spray_spf_30,coola,sun_protect,coola_makeup_setting_spray_spf_30,1.0,401.0,17234.0,3.414,1.7,Moisturizers,21.18,0.85,2.33,"Alcohol*;Aloe Barbadensis Leaf Extract*;Algae Extract*;Citrus Aurantium Dulcis (Orange) Fruit Water*;Cucumis Sativus (Cucumber) Fruit Extract*;Dicaprylyl Carbonate;Diisopropyl Adipate;Ethyl Ferulate;Flavor;Glycerin*;Helianthus Annuus (Sunflower) Seed Oil;Isodecyl Neopentanoate;Juniperus Communis Callus Extract;Paeonia Lactiflora Leaf Cell Extract;Phoenix Dactilyfera (Date) Leaf Cell Extract;PVP;Silica Silylate;Sodium Hyaluronate;Water, *Certified Organic,",1.0,401.0,17234.0,3.414,1.7,Moisturizers,21.18,0.85,2.33,sun protect,High (13k - 26k)
Sun protect,SUPERGOOP!,Super Power Sunscreen Mousse Broad Spectrum SPF 50,34,4.3,"Aluminum Starch Octenylsuccinate, Ananas Sativus (Pineapple) Fruit Extract, Bis-Hydroxyethoxypropyl Dimethicone, Butter Extract, Butyloctyl Salicylate, Butyrospermum Parkii (Shea) Butter, C12-15 Alkyl Benzoate, Cananga Odorata Flower Extract, Caprylic/Capric Triglyceride, Caprylyl Glycol, Cetearyl Alcohol, Chlorphenesin, Citrus Aurantium Dulcis (Orange) Peel Extract, Citrus Grandis (Grapefruit) Fruit Extract, Citrus Limon (Lemon) Peel Extract, Cocos Nucifera (Coconut) Fruit Extract, Cocos Nucifera (Coconut) Oil, Coffea Arabica (Coffee) Seed Extract, Crambe Maritima Leaf Extract, Cucumis Melo Cantalupensis Fruit Extract, Cucumis Sativus (Cucumber) Fruit Extract, Diethylhexyl Syringylidenemalonate, Disodium EDTA, Glycerin, Glyceryl Caprylate, Glyceryl Stearate, Glyceryl Undecylenate, Hydrofluorocarbon 152A, Olea Europaea (Olive) Fruit Oil, Panthenol, Passiflora Incarnata Fruit Extract, Persea Gratissima (Avocado) Oil, Polyester-5, Potassium Cetyl Phosphate, Prunus Amygdalus Dulcis (Sweet Almond) Oil, Prunus Amygdalus Dulcis (Sweet Almond) Seed Extract, Prunus Armeniaca (Apricot) Fruit Extract, Pyrus Malus (Apple) Fruit Extract, Rose Extract, Rubus Idaeus (Raspberry) Fruit Extract, Santalum Album (Sandalwood) Extract, Simmondsia Chinesis (Jojoba) Seed Oil, Tocopherol, Trehalose, Vanilla Planifolia Fruit Extract, Water.",1,1,1,1,0,super_power_sunscreen_mousse_broad_spectrum_spf_50,supergoop!,sun_protect,supergoop!_super_power_sunscreen_mousse_broad_spectrum_spf_50,1.0,130.0,8719.0,4.3846,7.1,Moisturizers,4.79,3.37,1.49,"Aluminum Starch Octenylsuccinate;Ananas Sativus (Pineapple) Fruit Extract;Bis-Hydroxyethoxypropyl Dimethicone;Butter Extract;Butyloctyl Salicylate;Butyrospermum Parkii (Shea) Butter;C12-15 Alkyl Benzoate;Cananga Odorata Flower Extract;Caprylic/Capric Triglyceride;Caprylyl Glycol;Cetearyl Alcohol;Chlorphenesin;Citrus Aurantium Dulcis (Orange) Peel Extract;Citrus Grandis (Grapefruit) Fruit Extract;Citrus Limon (Lemon) Peel Extract;Cocos Nucifera (Coconut) Fruit Extract;Cocos Nucifera (Coconut) Oil;Coffea Arabica (Coffee) Seed Extract;Crambe Maritima Leaf Extract;Cucumis Melo Cantalupensis Fruit Extract;Cucumis Sativus (Cucumber) Fruit Extract;Diethylhexyl Syringylidenemalonate;Disodium EDTA;Glycerin;Glyceryl Caprylate;Glyceryl Stearate;Glyceryl Undecylenate;Hydrofluorocarbon 152A;Olea Europaea (Olive) Fruit Oil;Panthenol;Passiflora Incarnata Fruit Extract;Persea Gratissima (Avocado) Oil;Polyester-5;Potassium Cetyl Phosphate;Prunus Amygdalus Dulcis (Sweet Almond) Oil;Prunus Amygdalus Dulcis (Sweet Almond) Seed Extract;Prunus Armeniaca (Apricot) Fruit Extract;Pyrus Malus (Apple) Fruit Extract;Rose Extract;Rubus Idaeus (Raspberry) Fruit Extract;Santalum Album (Sandalwood) Extract;Simmondsia Chinesis (Jojoba) Seed Oil;Tocopherol;Trehalose;Vanilla Planifolia Fruit Extract;Water,",1.0,130.0,8719.0,4.3846,7.1,Moisturizers,4.79,3.37,1.49,sun protect,Medium (7k - 13k)
Sun protect,ALGENIST,Repairing Tint & Radiance Moisturizer SPF 30,42,4.1,"Water, Neopentyl Glycol Dicaprate, Butylene Glycol, Butyloctyl Salicylate, C20-40 Pareth-3, Zea Mays (Corn) Starch, Steareth-21, Stearyl Alcohol, Stearic Acid, Dipropylene Glycol, Caprylyl Methicone, Polymethyl Methacrylate, Algae Exopolysaccharides, Glycerin, PEG-8 Dimethicone, Chlorella Protothecoides Oil, Haematococcus Pluvialis Extract, Potassium Cetyl Phosphate, Hydroxyethyl Acrylate/Sodium Acryloyldimethyl Taurate Copolymer, Dimethicone, Caprylyl Glycol, Hydrolyzed Wheat Protein/PVP Crosspolymer, VP/Eicosene Copolymer, Tocopherol, Isohexadecane, Decylene Glycol, Chlorophyllin-Copper Complex, Beta-Carotene, PEG-10 Dimethicone, Steareth-2, Tocopheryl Acetate, Polyhydroxystearic Acid, Silica, Alumina, Allantoin, Xanthan Gum, Disodium EDTA, Polysorbate 60, Cetyl Alcohol, Sodium Chloride, Dipotassium Glycyrrhizate, Sorbitan Isostearate, Ethylhexylglycerin, Glycine Soja (Soybean) Oil, Arachidyl Alcohol, Soluble Collagen, EDTA, Potassium Sorbate, Aminomethyl Propanol, Ammonium Polyacrylate, BHT, Raphanus Sativus (Radish) Root Extract, Capric Acid, Caprylic/Capric Triglyceride, Polyglyceryl-10 Oleate, Sodium Hyaluronate, Polyglyceryl-10 Stearate, Lysolecithin, Daucus Carota Sativa (Carrot) Root Extract, Phenoxyethanol, Fragrance, Coumarin, Iron Oxides (CI 77491, CI 77492, CI 77499), Titanium Dioxide (CI 77891).",0,0,0,0,0,repairing_tint_radiance_moisturizer_spf_30,algenist,sun_protect,algenist_repairing_tint_radiance_moisturizer_spf_30,0.0,102.0,3369.0,4.1078,,Moisturizers,,4.03,3.03,"Neopentyl Glycol Dicaprate;Butylene Glycol;Butyloctyl Salicylate;C20-40 Pareth-3;Zea Mays (Corn) Starch;Steareth-21;Stearyl Alcohol;Stearic Acid;Dipropylene Glycol;Caprylyl Methicone;Polymethyl Methacrylate;Algae Exopolysaccharides;Glycerin;PEG-8 Dimethicone;Chlorella Protothecoides Oil;Haematococcus Pluvialis Extract;Potassium Cetyl Phosphate;Hydroxyethyl Acrylate/Sodium Acryloyldimethyl Taurate Copolymer;Dimethicone;Caprylyl Glycol;Hydrolyzed Wheat Protein/PVP Crosspolymer;VP/Eicosene Copolymer;Tocopherol;Isohexadecane;Decylene Glycol;Chlorophyllin-Copper Complex;Beta-Carotene;PEG-10 Dimethicone;Steareth-2;Tocopheryl Acetate;Polyhydroxystearic Acid;Silica;Alumina;Allantoin;Xanthan Gum;Disodium EDTA;Polysorbate 60;Cetyl Alcohol;Sodium Chloride;Dipotassium Glycyrrhizate;Sorbitan Isostearate;Ethylhexylglycerin;Glycine Soja (Soybean) Oil;Arachidyl Alcohol;Soluble Collagen;EDTA;Potassium Sorbate;Aminomethyl Propanol;Ammonium Polyacrylate;BHT;Raphanus Sativus (Radish) Root Extract;Capric Acid;Caprylic/Capric Triglyceride;Polyglyceryl-10 Oleate;Sodium Hyaluronate;Polyglyceryl-10 Stearate;Lysolecithin;Daucus Carota Sativa (Carrot) Root Extract;Phenoxyethanol;Fragrance;Coumarin;Iron Oxides (CI 77491;CI 77492;CI 77499);Titanium Dioxide (CI 77891),",0.0,102.0,3369.0,4.1078,,Moisturizers,,4.03,3.03,sun protect,Very Low (0 - 3k)
Sun protect,DERMADOCTOR,DD Cream Dermatologically Defining BB Cream Broad Spectrum SPF 30,38,3.4,"Alumina, Aluminum Hydroxide, Behenyl Alcohol, Butylene Glycol , C12-15 Alkyl Benzoate, Caprylic/Capric/Myristic/Stearic Triglyceride, Caprylyl Glycol, Carbomer, Cellulose Gum, Cetyl Alcohol , Dextrin Palmitate, Dimethicone, Dimethylacrylamide/Acrylic Acid/Polystyrene Ethyl Methacrylate, Disodium EDTA , Ethoxydiglycol, Ethylhexylglycerin, Glycerin, Hexylene Glycol, Hydrogenated Lecithin, Isostearic Acid, Lycium Barbarum (Goji) Fruit Extract, Lysine, Magnesium Chloride, Nordihydroguaiaretic Acid, Octyldodecyl Neopentanoate, Oleanolic Acid, Palmitoyl Hexapeptide-14, Panthenol, PEG-60 Almond Glycerides, Phenoxyethanol, Phospholipids, Phytantriol, Polyglyceryl-3 Diisostearate, Polysorbate 80, Potassium Chloride, Silica, Sodium Benzoate, Sodium Chloride, Sodium Dehydroacetate, Sodium Hyaluronate Crosspolymer, Sodium Hydroxide, Squalane, Steareth-2, Steareth-21, Stearic Acid, Superoxide Dismutase, Tetrahexyldecyl Ascorbate, Tocopherol, Tocopheryl Acetate, Triethoxycaprylylsilane, Triethylhexanoin, Water, Xanthan Gum, Zinc Chloride, May Contain(+/): Mica,Titanium Dioxide (CI 77891), Iron Oxides (CI 77491, CI 77492, CI 77499).",0,0,0,0,0,dd_cream_dermatologically_defining_bb_cream_broad_spectrum_spf_30,dermadoctor,sun_protect,dermadoctor_dd_cream_dermatologically_defining_bb_cream_broad_spectrum_spf_30,0.0,282.0,4072.0,3.4291,1.3,Moisturizers,30.77,1.22,6.93,"Alumina;Aluminum Hydroxide;Behenyl Alcohol;Butylene Glycol;C12-15 Alkyl Benzoate;Caprylic/Capric/Myristic/Stearic Triglyceride;Caprylyl Glycol;Carbomer;Cellulose Gum;Cetyl Alcohol;Dextrin Palmitate;Dimethicone;Dimethylacrylamide/Acrylic Acid/Polystyrene Ethyl Methacrylate;Disodium EDTA;Ethoxydiglycol;Ethylhexylglycerin;Glycerin;Hexylene Glycol;Hydrogenated Lecithin;Isostearic Acid;Lycium Barbarum (Goji) Fruit Extract;Lysine;Magnesium Chloride;Nordihydroguaiaretic Acid;Octyldodecyl Neopentanoate;Oleanolic Acid;Palmitoyl Hexapeptide-14;Panthenol;PEG-60 Almond Glycerides;Phenoxyethanol;Phospholipids;Phytantriol;Polyglyceryl-3 Diisostearate;Polysorbate 80;Potassium Chloride;Silica;Sodium Benzoate;Sodium Chloride;Sodium Dehydroacetate;Sodium Hyaluronate Crosspolymer;Sodium Hydroxide;Squalane;Steareth-2;Steareth-21;Stearic Acid;Superoxide Dismutase;Tetrahexyldecyl Ascorbate;Tocopherol;Tocopheryl Acetate;Triethoxycaprylylsilane;Triethylhexanoin;Xanthan Gum;Zinc Chloride;May Contain(+/): Mica;Titanium Dioxide (CI 77891);Iron Oxides (CI 77491;CI 77492;CI 77499),",0.0,282.0,4072.0,3.4291,1.3,Moisturizers,30.77,1.22,6.93,sun protect,Low (3k - 7k)
Sun protect,CLARINS,50+ SPF Sunscreen For Face Wrinkle Control Cream,35,4.1,Visit the Clarins boutique,0,0,0,0,0,50_spf_sunscreen_for_face_wrinkle_control_cream,clarins,sun_protect,clarins_50_spf_sunscreen_for_face_wrinkle_control_cream,,,,,,,,,,Visit the Clarins boutique,,,,,,,,,,sun protect,nan
Sun protect,CLINIQUE,Repairwear Uplifting Firming Cream Broad Spectrum SPF 15,64,3.8,"Octinoxate 7.50% , Octisalate 3.50% , Titanium Dioxide 1.70%Water , Neopentyl Glycol Diheptanoate , Simmondsia Chinensis (Jojoba) Butter , Glycerin , Petrolatum , Octyldodecyl Neopentanoate , Di-C12-15 Alkyl Fumarate , Dimethicone , Hydrogenated Lecithin , Butylene Glycol , Hydrogenated Polyisobutene , Hexyldecyl Stearate , Sigesbeckia Orientalis (St. Paul'S Wort) Extract , Whey Protein/Lactis Protein/Proteine Du Petit-Lait , Salvia Sclarea (Clary) Extract , Chlorella Vulgaris Extract , Commiphora Mukul Resin Extract , Litchi Chinensis Seed Extract , Laminaria Digitata Extract , Cladosiphon Okamuranus Extract , Plankton Extract , Astrocaryum Murumuru Seed Butter , Acetyl Hexapeptide-8 , Lecithin , Polyethylene , Pentylene Glycol , Potato Starch Modified , Ergothioneine , Glyceryl Stearate , Caffeine , Sorbitol , Behenyl Alcohol , Sodium Hyaluronate , Methicone , Tocopheryl Acetate , Peg-100 Stearate , Pentaerythrityl Tetraethylhexanoate , Caprylyl Glycol , C12-16 Alcohols , Cholesterol , Caprylic/Capric Triglyceride , Polysilicone-11 , Dextrin , Palmitic Acid , Tetrahexyldecyl Ascorbate , Hexylene Glycol , Citric Acid , Xanthan Gum , Alumina , Ammonium Acryloyldimethyltaurate/Vp Copolymer , Sodium Hydroxide , Disodium Edta , Potassium Sorbate , Phenoxyethanol , Red 4 (Ci 14700) , Yellow 5 (Ci 19140) , Titanium Dioxide (Ci 77891) , Mica",0,0,0,0,0,repairwear_uplifting_firming_cream_broad_spectrum_spf_15,clinique,sun_protect,clinique_repairwear_uplifting_firming_cream_broad_spectrum_spf_15,0.0,13.0,719.0,3.7692,1.7,Moisturizers,37.94,28.99,1.81,"Octinoxate 7,50%;Octisalate 3,50%;Titanium Dioxide 1,70%Water;Neopentyl Glycol Diheptanoate;Simmondsia Chinensis (Jojoba) Butter;Glycerin;Petrolatum;Octyldodecyl Neopentanoate;Di-C12-15 Alkyl Fumarate;Dimethicone;Hydrogenated Lecithin;Butylene Glycol;Hydrogenated Polyisobutene;Hexyldecyl Stearate;Sigesbeckia Orientalis (St, Paul'S Wort) Extract;Whey Protein/Lactis Protein/Proteine Du Petit-Lait;Salvia Sclarea (Clary) Extract;Chlorella Vulgaris Extract;Commiphora Mukul Resin Extract;Litchi Chinensis Seed Extract;Laminaria Digitata Extract;Cladosiphon Okamuranus Extract;Plankton Extract;Astrocaryum Murumuru Seed Butter;Acetyl Hexapeptide-8;Lecithin;Polyethylene;Pentylene Glycol;Potato Starch Modified;Ergothioneine;Glyceryl Stearate;Caffeine;Sorbitol;Behenyl Alcohol;Sodium Hyaluronate;Methicone;Tocopheryl Acetate;Peg-100 Stearate;Pentaerythrityl Tetraethylhexanoate;Caprylyl Glycol;C12-16 Alcohols;Cholesterol;Caprylic/Capric Triglyceride;Polysilicone-11;Dextrin;Palmitic Acid;Tetrahexyldecyl Ascorbate;Hexylene Glycol;Citric Acid;Xanthan Gum;Alumina;Ammonium Acryloyldimethyltaurate/Vp Copolymer;Sodium Hydroxide;Disodium Edta;Potassium Sorbate;Phenoxyethanol;Red 4 (Ci 14700);Yellow 5 (Ci 19140);Titanium Dioxide (Ci 77891);Mica",0.0,13.0,719.0,3.7692,1.7,Moisturizers,37.94,28.99,1.81,sun protect,Very Low (0 - 3k)
Sun protect,CLINIQUE,Broad Spectrum SPF 50 Mineral Sunscreen Fluid for Face,28,3.8,"Titanium Dioxide 6.3% , Zinc Oxide 4.0%Water , Dimethicone , Butyloctyl Salicylate , Polydiethylsiloxane , C12-15 Alkyl Benzoate , Isononyl Isononanoate , Diethylhexyl Succinate , Neopentyl Glycol Diheptanoate , Methyl Trimethicone , Butylene Glycol , Ethylhexyl Methoxycrylene , Lauryl Peg-9 Polydimethylsiloxyethyl Dimethicone , Silica , Dipentaerythrityl Tri-Polyhydroxystearate , Laureth-4 , Cetyl Peg/Ppg-10/1 Dimethicone , Dimethicone/Peg-10/15 Crosspolymer , Dimethicone Silylate , Hydrolyzed Wheat Protein/Pvp Crosspolymer , Triethoxycaprylylsilane , Dimethicone Crosspolymer-3 , Isostearic Acid , Caprylyl Glycol , Polyhydroxystearic Acid , Dipropylene Glycol , Phenoxyethanol , Iron Oxides (Ci 77492) , Iron Oxides (Ci 77491)",1,1,1,1,1,broad_spectrum_spf_50_mineral_sunscreen_fluid_for_face,clinique,sun_protect,clinique_broad_spectrum_spf_50_mineral_sunscreen_fluid_for_face,,,,,,,,,,"Titanium Dioxide 6,3%;Zinc Oxide 4,0%Water;Dimethicone;Butyloctyl Salicylate;Polydiethylsiloxane;C12-15 Alkyl Benzoate;Isononyl Isononanoate;Diethylhexyl Succinate;Neopentyl Glycol Diheptanoate;Methyl Trimethicone;Butylene Glycol;Ethylhexyl Methoxycrylene;Lauryl Peg-9 Polydimethylsiloxyethyl Dimethicone;Silica;Dipentaerythrityl Tri-Polyhydroxystearate;Laureth-4;Cetyl Peg/Ppg-10/1 Dimethicone;Dimethicone/Peg-10/15 Crosspolymer;Dimethicone Silylate;Hydrolyzed Wheat Protein/Pvp Crosspolymer;Triethoxycaprylylsilane;Dimethicone Crosspolymer-3;Isostearic Acid;Caprylyl Glycol;Polyhydroxystearic Acid;Dipropylene Glycol;Phenoxyethanol;Iron Oxides (Ci 77492);Iron Oxides (Ci 77491)",,,,,,,,,,sun protect,nan
Sun protect,SHISEIDO,Extra Smooth Sun Protection Cream SPF 38 PA+++,34,4.5,-Octinoxate (7.4%) and Zinc Oxide (9.6%): Protect skin against sun damage.,0,0,0,0,0,extra_smooth_sun_protection_cream_spf_38_pa,shiseido,sun_protect,shiseido_extra_smooth_sun_protection_cream_spf_38_pa,,,,,,,,,,"-Octinoxate (7,4%) and Zinc Oxide (9,6%): Protect skin against sun damage,",,,,,,,,,,sun protect,nan
Sun protect,MDSOLARSCIENCES,Mineral Crème Broad Spectrum SPF 50 UVA-UVB Sunscreen,30,4.3,"Dimethicone, Caprylic/Capric Triglyceride, Dimethicone Crosspolymer, Dimethicone/Vinyl Dimethicone Crosspolymer, Butyloctyl Salicylate, Glyceryl Isostearate, Polyester-8, Polysilicone-15, Behenic Acid, Camelia Sinensis Leaf Extract, Caprooyl Phytosphingosine, Ceramide AP, Ceramide EOP, Ceramide EOS, Ceramide NP, Ceramide NS, Ceteareth-25, Cetyl Alcohol, Cholesterol, Glycerin, Iron Oxides, PEG/PPG-18/18 Dimethicone, Punica Granatum Extract, Silica, Tetrahexyldecyl Ascorbate, Tocopheryl Acetate, Triethoxycaprylysilane, Vaccinum Macrocarpon (Cranberry) Fruit Extract.",1,1,1,0,1,mineral_crème_broad_spectrum_spf_50_uva_uvb_sunscreen,mdsolarsciences,sun_protect,mdsolarsciences_mineral_crème_broad_spectrum_spf_50_uva_uvb_sunscreen,,,,,,,,,,"Dimethicone;Caprylic/Capric Triglyceride;Dimethicone Crosspolymer;Dimethicone/Vinyl Dimethicone Crosspolymer;Butyloctyl Salicylate;Glyceryl Isostearate;Polyester-8;Polysilicone-15;Behenic Acid;Camelia Sinensis Leaf Extract;Caprooyl Phytosphingosine;Ceramide AP;Ceramide EOP;Ceramide EOS;Ceramide NP;Ceramide NS;Ceteareth-25;Cetyl Alcohol;Cholesterol;Glycerin;Iron Oxides;PEG/PPG-18/18 Dimethicone;Punica Granatum Extract;Silica;Tetrahexyldecyl Ascorbate;Tocopheryl Acetate;Triethoxycaprylysilane;Vaccinum Macrocarpon (Cranberry) Fruit Extract,",,,,,,,,,,sun protect,nan
Sun protect,DR. DENNIS GROSS SKINCARE,Sheer Mineral Sun Spray SPF 50,42,4.1,-Zinc Oxide 12%: Provides broad spectrum UVA/UVB protection. -Green Tea Extract: Protects against free radicals and environmental toxins. -Resveratrol: Potent antioxidant and antiaging polyphenol; protects from free radical damage. -Ubiquinone (CoQ10): Defends skin from free radicals and supports natural cell turnover.,0,0,0,0,0,sheer_mineral_sun_spray_spf_50,dr._dennis_gross_skincare,sun_protect,dr._dennis_gross_skincare_sheer_mineral_sun_spray_spf_50,,,,,,,,,,"-Zinc Oxide 12%: Provides broad spectrum UVA/UVB protection, -Green Tea Extract: Protects against free radicals and environmental toxins, -Resveratrol: Potent antioxidant and antiaging polyphenol; protects from free radical damage, -Ubiquinone (CoQ10): Defends skin from free radicals and supports natural cell turnover,",,,,,,,,,,sun protect,nan
Sun protect,BELIF,Moisturizing Bomb Cushion Compact Broad Spectrum SPF 50,42,3.7,*Fragrances of natural origin.,1,1,1,1,0,moisturizing_bomb_cushion_compact_broad_spectrum_spf_50,belif,sun_protect,belif_moisturizing_bomb_cushion_compact_broad_spectrum_spf_50,0.0,35.0,2473.0,3.7714,1.04,Moisturizers,40.38,10.78,1.42,"*Fragrances of natural origin,",0.0,35.0,2473.0,3.7714,1.04,Moisturizers,40.38,10.78,1.42,sun protect,Very Low (0 - 3k)
Sun protect,LAURA MERCIER,Flawless Skin Mega Moisturizer SPF 15 - Normal/Combination Skin,53,4.4,"Allantoin, Sodium Ascorbate, Phenoxyethanol, Methylparaben, Tetrasodium EDTA, Carbomer, Isopropylparaben, Isobutylparaben, Butylparaben, Sodium Dehydroacetate, Aminomethyl Propanol, Linalool, Propylparaben, Acrylates/C10-C30 Alkyl Acrylate Crosspolymer.",0,0,0,0,0,flawless_skin_mega_moisturizer_spf_15_normal_combination_skin,laura_mercier,sun_protect,laura_mercier_flawless_skin_mega_moisturizer_spf_15_normal_combination_skin,,,,,,,,,,"Allantoin;Sodium Ascorbate;Phenoxyethanol;Methylparaben;Tetrasodium EDTA;Carbomer;Isopropylparaben;Isobutylparaben;Butylparaben;Sodium Dehydroacetate;Aminomethyl Propanol;Linalool;Propylparaben;Acrylates/C10-C30 Alkyl Acrylate Crosspolymer,",,,,,,,,,,sun protect,nan
Sun protect,ILIA,Radiant Translucent Powder SPF 20,34,4.8,This ingredient list is subject to change. It is the most up-to-date ingredient list and may differ from product packaging.,0,0,0,0,0,radiant_translucent_powder_spf_20,ilia,sun_protect,ilia_radiant_translucent_powder_spf_20,,,,,,,,,,"This ingredient list is subject to change, It is the most up-to-date ingredient list and may differ from product packaging,",,,,,,,,,,sun protect,nan
Sun protect,ESTÉE LAUDER,DayWear UV Base Advanced Anti-Oxidant & UV Defense SPF 50,44,4.2,"Daywear Adv Mt-Prt Ao&Uv Def Spf50 Division: El (Estee Lauder)Active Ingredients: Avobenzone 3.00% , Homosalate 5.00% , Octisalate 5.00% , Octocrylene 2.70% , Oxybenzone 3.00%Ingredients: Water , Butyloctyl Salicylate , Methyl Trimethicone , Neopentyl Glycol Diheptanoate , Aleurites Moluccana (Kukui) Seed Oil , Lauryl Peg-9 Polydimethylsiloxyethyl Dimethicone , Peg-100 Stearate , Butylene Glycol , Glyceryl Stearate , Dipentaerythrityl Tri-Polyhydroxystearate , Potassium Cetyl Phosphate , Gentiana Lutea (Gentian) Root Extract , Polygonum Cuspidatum Root Extract , Hordeum Vulgare (Barley) Extract/Extrait D'Orge , Triticum Vulgare (Wheat) Germ Extract , Fumaria Officinalis Flower/Leaf/Stem Extract , Citrus Medica Limonum (Lemon) Fruit Extract , Hydrolyzed Rice Bran Extract , Hydrolyzed Rice Extract , Rosmarinus Officinalis (Rosemary) Leaf Extract , Vitis Vinifera (Grape) Seed Extract , Artemia Extract , Laminaria Ochroleuca Extract , Algae Extract , Hydrogenated Lecithin , Thermus Thermophillus Ferment , Squalane , Glycerin , Sorbitol , Linoleic Acid , Caffeine , Cholesterol , Ethylhexylglycerin , Lecithin , Ergothioneine , Sodium Hyaluronate , Polyquaternium-51 , Cetyl Alcohol , Trehalose , Palmitoyl Hydroxypropyltrimonium Amylopectin/Glycerin Crosspolymer , Ammonium Acryloyldimethyltaurate/Vp Copolymer , Vp/Eicosene Copolymer , Tetrahexyldecyl Ascorbate , Saccharide Isomerate , Caprylyl Glycol , Caprylic/Capric Triglyceride , Sodium Pca , Cyclodextrin , Urea , Dehydroxanthan Gum , Tocopheryl Acetate , Glycyrrhetinic Acid , Nordihydroguaiaretic Acid , Ascorbyl Tocopheryl Maleate , Citric Acid , Stearic Acid , Sodium Dehydroacetate , Fumaric Acid , Ethylbisiminomethylguaiacol Manganese Chloride , Silica , Phenoxyethanol , Disodium Edta , Bht , Fragrance , Mica , Titanium Dioxide (Ci 77891) , Blue 1 (Ci 42090) , Yellow 5 (Ci 19140)",0,0,0,0,0,daywear_uv_base_advanced_anti_oxidant_uv_defense_spf_50,estée_lauder,sun_protect,estée_lauder_daywear_uv_base_advanced_anti_oxidant_uv_defense_spf_50,,,,,,,,,,"Daywear Adv Mt-Prt Ao&Uv Def Spf50 Division: El (Estee Lauder)Active Ingredients: Avobenzone 3,00%;Homosalate 5,00%;Octisalate 5,00%;Octocrylene 2,70%;Oxybenzone 3,00%Ingredients: Water;Butyloctyl Salicylate;Methyl Trimethicone;Neopentyl Glycol Diheptanoate;Aleurites Moluccana (Kukui) Seed Oil;Lauryl Peg-9 Polydimethylsiloxyethyl Dimethicone;Peg-100 Stearate;Butylene Glycol;Glyceryl Stearate;Dipentaerythrityl Tri-Polyhydroxystearate;Potassium Cetyl Phosphate;Gentiana Lutea (Gentian) Root Extract;Polygonum Cuspidatum Root Extract;Hordeum Vulgare (Barley) Extract/Extrait D'Orge;Triticum Vulgare (Wheat) Germ Extract;Fumaria Officinalis Flower/Leaf/Stem Extract;Citrus Medica Limonum (Lemon) Fruit Extract;Hydrolyzed Rice Bran Extract;Hydrolyzed Rice Extract;Rosmarinus Officinalis (Rosemary) Leaf Extract;Vitis Vinifera (Grape) Seed Extract;Artemia Extract;Laminaria Ochroleuca Extract;Algae Extract;Hydrogenated Lecithin;Thermus Thermophillus Ferment;Squalane;Glycerin;Sorbitol;Linoleic Acid;Caffeine;Cholesterol;Ethylhexylglycerin;Lecithin;Ergothioneine;Sodium Hyaluronate;Polyquaternium-51;Cetyl Alcohol;Trehalose;Palmitoyl Hydroxypropyltrimonium Amylopectin/Glycerin Crosspolymer;Ammonium Acryloyldimethyltaurate/Vp Copolymer;Vp/Eicosene Copolymer;Tetrahexyldecyl Ascorbate;Saccharide Isomerate;Caprylyl Glycol;Caprylic/Capric Triglyceride;Sodium Pca;Cyclodextrin;Urea;Dehydroxanthan Gum;Tocopheryl Acetate;Glycyrrhetinic Acid;Nordihydroguaiaretic Acid;Ascorbyl Tocopheryl Maleate;Citric Acid;Stearic Acid;Sodium Dehydroacetate;Fumaric Acid;Ethylbisiminomethylguaiacol Manganese Chloride;Silica;Phenoxyethanol;Disodium Edta;Bht;Fragrance;Mica;Titanium Dioxide (Ci 77891);Blue 1 (Ci 42090);Yellow 5 (Ci 19140)",,,,,,,,,,sun protect,nan
Sun protect,DR. DENNIS GROSS SKINCARE,Dark Spot Sun Defense Broad Spectrum SPF 50,42,3.8,"Acrylates/Carbamate Copolymer, Aluminum Hydroxide, Ascorbyl Glucoside, Benzyl Alcohol, BHT, Bis-ethylhexyl Hydroxydimethoxy Benzylmalonate, Boerhavia Diffusa Root Extract, Butylene Glycol, C12-15 Alkyl Benzoate, Caprylyl Glycol, Carbomer, Carthamus Tinctorius (Safflower) Seed Oil, Citric Acid, Citrus Aurantium Dulcis (Orange) Oil, Citrus Aurantium Dulcis (Orange) Peel Extract, Coco-Caprylate/Caprate, Coconut Alkanes, Disodium EDTA, Echium Plantagineum Seed Oil, Glycerin, Glycolic Acid, Hydrogenated Lecithin, Hydroxyethyl Acrylate/Sodium Acryloyldimethyl Taurate Copolymer, Hydroxypropyl Cyclodextrin, Isohexadecane, Isononyl Isononanoate, Isopropyl Titanium Triisostearate, Magnesium Ascorbyl Phosphate, Melatonin, Nordihydroguaiaretic Acid, Oenothera Biennis (Evening Primrose) Oil, Olea Europaea (Olive) Fruit Oil, Oleanolic Acid, Oryza Sativa (Rice) Extract, Palmitoyl Tripeptide-38, PEG-60 Almond Glycerides, Pentylene Glycol, Phenoxyethanol, Phospholipids, Polyhydroxystearic Acid, Polysorbate 60, Potassium Sorbate, Propanediol , Saccharide Isomerate, Sodium Benzoate, Sodium Citrate, Sodium Hyaluronate, Sodium PCA, Sphingolipids, Stearic Acid, Tetrahexyldecyl Ascorbate, Tocopherol, Water, Xanthan Gum, Zinc PCA.",0,0,0,0,0,dark_spot_sun_defense_broad_spectrum_spf_50,dr._dennis_gross_skincare,sun_protect,dr._dennis_gross_skincare_dark_spot_sun_defense_broad_spectrum_spf_50,0.0,89.0,4627.0,3.7753,1.7,Moisturizers,24.71,4.24,1.92,"Acrylates/Carbamate Copolymer;Aluminum Hydroxide;Ascorbyl Glucoside;Benzyl Alcohol;BHT;Bis-ethylhexyl Hydroxydimethoxy Benzylmalonate;Boerhavia Diffusa Root Extract;Butylene Glycol;C12-15 Alkyl Benzoate;Caprylyl Glycol;Carbomer;Carthamus Tinctorius (Safflower) Seed Oil;Citric Acid;Citrus Aurantium Dulcis (Orange) Oil;Citrus Aurantium Dulcis (Orange) Peel Extract;Coco-Caprylate/Caprate;Coconut Alkanes;Disodium EDTA;Echium Plantagineum Seed Oil;Glycerin;Glycolic Acid;Hydrogenated Lecithin;Hydroxyethyl Acrylate/Sodium Acryloyldimethyl Taurate Copolymer;Hydroxypropyl Cyclodextrin;Isohexadecane;Isononyl Isononanoate;Isopropyl Titanium Triisostearate;Magnesium Ascorbyl Phosphate;Melatonin;Nordihydroguaiaretic Acid;Oenothera Biennis (Evening Primrose) Oil;Olea Europaea (Olive) Fruit Oil;Oleanolic Acid;Oryza Sativa (Rice) Extract;Palmitoyl Tripeptide-38;PEG-60 Almond Glycerides;Pentylene Glycol;Phenoxyethanol;Phospholipids;Polyhydroxystearic Acid;Polysorbate 60;Potassium Sorbate;Propanediol;Saccharide Isomerate;Sodium Benzoate;Sodium Citrate;Sodium Hyaluronate;Sodium PCA;Sphingolipids;Stearic Acid;Tetrahexyldecyl Ascorbate;Tocopherol;Xanthan Gum;Zinc PCA,",0.0,89.0,4627.0,3.7753,1.7,Moisturizers,24.71,4.24,1.92,sun protect,Low (3k - 7k)
Sun protect,COOLA,Classic Face SPF 30 - Cucumber,32,4.4,"Caprylohydroxamic Acid, Caprylyl Glycol, Carthamus Tinctorius (ORGANIC Safflower) Oleosomes, Citrus Aurantium Dulcis (ORGANIC Orange) Fruit Water, Cucumis Sativus (Cucumber) Fruit Extract, Dicaprylyl Carbonate, Euterpe Oleracea Annuus (ORGANIC Sunflower) Seed Extract, Hydrogenated Polydecene, Linum Usitatissimum (ORGANIC Linseed) Seed Oil, Oenothera Biennis (ORGANIC Evening Primrose) Oil, Plankton Extract, Propanediol, Sodium Polyacryloyldimethyl Taurate, Sodium Stearoyl Glutamate,Trideceth-10, Trisodium Ethylenediamine Disuccinate, Water, Xanthan Gum.",1,1,1,0,1,classic_face_spf_30_cucumber,coola,sun_protect,coola_classic_face_spf_30_cucumber,,,,,,,,,,"Caprylohydroxamic Acid;Caprylyl Glycol;Carthamus Tinctorius (ORGANIC Safflower) Oleosomes;Citrus Aurantium Dulcis (ORGANIC Orange) Fruit Water;Cucumis Sativus (Cucumber) Fruit Extract;Dicaprylyl Carbonate;Euterpe Oleracea Annuus (ORGANIC Sunflower) Seed Extract;Hydrogenated Polydecene;Linum Usitatissimum (ORGANIC Linseed) Seed Oil;Oenothera Biennis (ORGANIC Evening Primrose) Oil;Plankton Extract;Propanediol;Sodium Polyacryloyldimethyl Taurate;Sodium Stearoyl Glutamate;Trideceth-10;Trisodium Ethylenediamine Disuccinate;Xanthan Gum,",,,,,,,,,,sun protect,nan
Sun protect,CLINIQUE,Repairwear Laser Focus Line Smoothing Cream Broad Spectrum SPF 15 for Very Dry to Dry Combination Skin,50,4.4,"Octinoxate 7.5% , Octisalate 3.5% , Titanium Dioxide 1.7%Water , Neopentyl Glycol Diheptanoate , Simmondsia Chinensis (Jojoba) Butter , Glycerin , Petrolatum , Octyldodecyl Neopentanoate , Di-C12-15 Alkyl Fumarate , Dimethicone , Hydrogenated Lecithin , Butylene Glycol , Hydrogenated Polyisobutene , Pentaerythrityl Tetraethylhexanoate , Hexyldecyl Stearate , Polyethylene , Pentylene Glycol , Potato Starch Modified , Citrus Reticulata (Tangerine) Peel Extract , Saccharomyces Lysate Extract , Polygonum Cuspidatum Root Extract , Algae Extract , Coffea Robusta Seed Extract , Astrocaryum Murumuru Seed Butter , Padina Pavonica Thallus Extract , Betula Alba (Birch) Bark Extract , Creatine , Adenosine Phosphate , Laurdimonium Hydroxypropyl Hydrolyzed Soy Protein , Linoleic Acid , Hydrolyzed Rice Extract , Hydroxyproline , Triticum Vulgare (Wheat) Germ Extract , Hordeum Vulgare (Barley) Extract/Extrait D'Orge , Sigesbeckia Orientalis (St. Paul'S Wort) Extract , Coleus Barbatus Extract , Acetyl Hexapeptide-8 , Sodium Dna , Caffeine , Cholesterol , Ethylhexyl Stearate , Sorbitol , Ethylhexyl Palmitate , Decarboxy Carnosine Hcl , Phytosphingosine , Propylene Glycol Dicaprate , Tocopheryl Acetate , Peg-100 Stearate , Disodium Nadh , Caprylyl Glycol , Acrylates Copolymer , C12-16 Alcohols , Polysilicone-11 , Squalane , Palmitic Acid , Trehalose , Glyceryl Stearate , Sodium Rna , Dipalmitoyl Hydroxyproline , Proline , Citric Acid , Potassium Sorbate , Aminopropyl Ascorbyl Phosphate , Behenyl Alcohol , Methicone , Ammonium Acryloyldimethyltaurate/Vp Copolymer , Hexylene Glycol , Xanthan Gum , Sodium Hydroxide , Sodium Hyaluronate , Aluminum Hydroxide , Potassium Sulfate , Glycine , Lecithin , Carbomer , Disodium Edta , Phenoxyethanol",0,0,0,0,0,repairwear_laser_focus_line_smoothing_cream_broad_spectrum_spf_15_for_very_dry_to_dry_combination_skin,clinique,sun_protect,clinique_repairwear_laser_focus_line_smoothing_cream_broad_spectrum_spf_15_for_very_dry_to_dry_combination_skin,0.0,7.0,869.0,4.4286,1.7,Moisturizers,29.41,63.27,0.81,"Octinoxate 7,5%;Octisalate 3,5%;Titanium Dioxide 1,7%Water;Neopentyl Glycol Diheptanoate;Simmondsia Chinensis (Jojoba) Butter;Glycerin;Petrolatum;Octyldodecyl Neopentanoate;Di-C12-15 Alkyl Fumarate;Dimethicone;Hydrogenated Lecithin;Butylene Glycol;Hydrogenated Polyisobutene;Pentaerythrityl Tetraethylhexanoate;Hexyldecyl Stearate;Polyethylene;Pentylene Glycol;Potato Starch Modified;Citrus Reticulata (Tangerine) Peel Extract;Saccharomyces Lysate Extract;Polygonum Cuspidatum Root Extract;Algae Extract;Coffea Robusta Seed Extract;Astrocaryum Murumuru Seed Butter;Padina Pavonica Thallus Extract;Betula Alba (Birch) Bark Extract;Creatine;Adenosine Phosphate;Laurdimonium Hydroxypropyl Hydrolyzed Soy Protein;Linoleic Acid;Hydrolyzed Rice Extract;Hydroxyproline;Triticum Vulgare (Wheat) Germ Extract;Hordeum Vulgare (Barley) Extract/Extrait D'Orge;Sigesbeckia Orientalis (St, Paul'S Wort) Extract;Coleus Barbatus Extract;Acetyl Hexapeptide-8;Sodium Dna;Caffeine;Cholesterol;Ethylhexyl Stearate;Sorbitol;Ethylhexyl Palmitate;Decarboxy Carnosine Hcl;Phytosphingosine;Propylene Glycol Dicaprate;Tocopheryl Acetate;Peg-100 Stearate;Disodium Nadh;Caprylyl Glycol;Acrylates Copolymer;C12-16 Alcohols;Polysilicone-11;Squalane;Palmitic Acid;Trehalose;Glyceryl Stearate;Sodium Rna;Dipalmitoyl Hydroxyproline;Proline;Citric Acid;Potassium Sorbate;Aminopropyl Ascorbyl Phosphate;Behenyl Alcohol;Methicone;Ammonium Acryloyldimethyltaurate/Vp Copolymer;Hexylene Glycol;Xanthan Gum;Sodium Hydroxide;Sodium Hyaluronate;Aluminum Hydroxide;Potassium Sulfate;Glycine;Lecithin;Carbomer;Disodium Edta;Phenoxyethanol",0.0,7.0,869.0,4.4286,1.7,Moisturizers,29.41,63.27,0.81,sun protect,Very Low (0 - 3k)
Sun protect,SUPERGOOP!,Invincible Setting Powder SPF 45 Refill,20,5.0,"Calcium Aluminum Borosilicate, Silica, Polymethyl Methacrylate, Ethylhexylglycerin, Triethoxycaprylysilane, Nylon-6/12, Sodium Dehydroacetate, Olive Glycerides, Ascorbyl Palmitate, Ceramide 3. May Contain (+/-): Iron Oxides (Ci 77492, 77491, 77499), Titanium Dioxide (Ci 77891).",1,1,1,1,1,invincible_setting_powder_spf_45_refill,supergoop!,sun_protect,supergoop!_invincible_setting_powder_spf_45_refill,,,,,,,,,,"Calcium Aluminum Borosilicate;Silica;Polymethyl Methacrylate;Ethylhexylglycerin;Triethoxycaprylysilane;Nylon-6/12;Sodium Dehydroacetate;Olive Glycerides;Ascorbyl Palmitate;Ceramide 3, May Contain (+/-): Iron Oxides (Ci 77492;77491;77499);Titanium Dioxide (Ci 77891),",,,,,,,,,,sun protect,nan
Sun protect,MOROCCANOIL,Face Lotion SPF 30,38,0.0,"Water, Butyloctyl Salicylate, Dimethicone, Butylene Glycol, Aluminum Starch Octenylsuccinate, Methyl Methacrylate Crosspolymer, Styrene/Acrylates Copolymer, PEG-8 Stearate, Glyceryl Stearate, Argania Spinosa (Argan) Kernel Oil, Spirulina Maxima (Algae) Extract, Hydrolyzed Vegetable Protein, Aristotelia Chilensis (Maqui) Fruit Extract, Aronia Arbutifolia (Chokeberry) Fruit Extract, Euterpe Oleracea (Acai) Fruit Extract, Garcinia Mangostana (Mangosteen) Fruit Extract, Lycium Barbarum Fruit (Goji) Extract, Morinda Citrifolia (Noni) Fruit Extract, Punica Granatum (Pomegranate) Fruit Extract, Vaccinium Myrtillus (Bilberry) Fruit Extract, Fragrance, Vp/Eicosene Copolymer, PEG-100 Stearate, Cetearyl Alcohol, Caprylyl Glycol, Sorbitan Oleate, PEG-8 Laurate, Hexylene Glycol, Tetrasodium Glutamate Diacetate, Xanthan Gum, Glycerin, Trehalose, Chlorphenesin, Citric Acid, Benzoic Acid, Sorbic Acid, Phenoxyethanol, Hydroxycitronellal, Butylphenyl Methylpropional, Linalool, Hexyl Cinnamal, Alpha-Isomethyl Ionone.",1,1,1,1,1,face_lotion_spf_30,moroccanoil,sun_protect,moroccanoil_face_lotion_spf_30,0.0,6.0,2060.0,4.6667,1.7,Moisturizers,22.35,77.78,0.29,"Butyloctyl Salicylate;Dimethicone;Butylene Glycol;Aluminum Starch Octenylsuccinate;Methyl Methacrylate Crosspolymer;Styrene/Acrylates Copolymer;PEG-8 Stearate;Glyceryl Stearate;Argania Spinosa (Argan) Kernel Oil;Spirulina Maxima (Algae) Extract;Hydrolyzed Vegetable Protein;Aristotelia Chilensis (Maqui) Fruit Extract;Aronia Arbutifolia (Chokeberry) Fruit Extract;Euterpe Oleracea (Acai) Fruit Extract;Garcinia Mangostana (Mangosteen) Fruit Extract;Lycium Barbarum Fruit (Goji) Extract;Morinda Citrifolia (Noni) Fruit Extract;Punica Granatum (Pomegranate) Fruit Extract;Vaccinium Myrtillus (Bilberry) Fruit Extract;Fragrance;Vp/Eicosene Copolymer;PEG-100 Stearate;Cetearyl Alcohol;Caprylyl Glycol;Sorbitan Oleate;PEG-8 Laurate;Hexylene Glycol;Tetrasodium Glutamate Diacetate;Xanthan Gum;Glycerin;Trehalose;Chlorphenesin;Citric Acid;Benzoic Acid;Sorbic Acid;Phenoxyethanol;Hydroxycitronellal;Butylphenyl Methylpropional;Linalool;Hexyl Cinnamal;Alpha-Isomethyl Ionone,",0.0,6.0,2060.0,4.6667,1.7,Moisturizers,22.35,77.78,0.29,sun protect,Very Low (0 - 3k)
Sun protect,DERMADOCTOR,Photo Dynamic Therapy® 3–in–1 Facial Lotion With Broad Spectrum SPF 30,85,3.9,"Acrylates/C10-30 Alkyl Acrylate Crosspolymer, Anacyclus Pyrethrum Root Extract, Arnica Montana Flower Extract, Water, Benzylidene Dimethoxydimethylindanone, Butyloctyl Salicylate, Butylparaben, C12-15 Alkyl Benzoate, Camellia Oleifera (Green Tea) Leaf Extract, Camellia Sinensis (White Tea) Leaf Extract, Carbomer, Cucumis Sativus (Cucumber) Fruit Extract, Cyclohexasiloxane, Cyclopentasiloxane, Diazolidinyl Urea, Disodium EDTA, Ethylparaben, Glycerin, Glyceryl Stearate SE, Lentinula Edodes (Shiitake Mushroom) Extract, Methyl Methacrylate/ Glycol Dimethacrylate Crosspolymer, Methylparaben, Morinda Citrifolia Extract, Phenoxyethanol, Polysorbate 20, Propylparaben, Punica Granatum (Pomegranate) Fruit Extract, Sodium Ascorbyl Phosphate, Sodium Hyaluronate, Sorbitan Oleate, Stearic Acid, Tocopherol, Tocopheryl Acetate, Tricalcium Phosphate, Triethanolamine, Ubiquinone, Yeast Amino Acids.",0,0,0,0,0,photo_dynamic_therapy_3–in–1_facial_lotion_with_broad_spectrum_spf_30,dermadoctor,sun_protect,dermadoctor_photo_dynamic_therapy_3–in–1_facial_lotion_with_broad_spectrum_spf_30,,,,,,,,,,"Acrylates/C10-30 Alkyl Acrylate Crosspolymer;Anacyclus Pyrethrum Root Extract;Arnica Montana Flower Extract;Benzylidene Dimethoxydimethylindanone;Butyloctyl Salicylate;Butylparaben;C12-15 Alkyl Benzoate;Camellia Oleifera (Green Tea) Leaf Extract;Camellia Sinensis (White Tea) Leaf Extract;Carbomer;Cucumis Sativus (Cucumber) Fruit Extract;Cyclohexasiloxane;Cyclopentasiloxane;Diazolidinyl Urea;Disodium EDTA;Ethylparaben;Glycerin;Glyceryl Stearate SE;Lentinula Edodes (Shiitake Mushroom) Extract;Methyl Methacrylate/ Glycol Dimethacrylate Crosspolymer;Methylparaben;Morinda Citrifolia Extract;Phenoxyethanol;Polysorbate 20;Propylparaben;Punica Granatum (Pomegranate) Fruit Extract;Sodium Ascorbyl Phosphate;Sodium Hyaluronate;Sorbitan Oleate;Stearic Acid;Tocopherol;Tocopheryl Acetate;Tricalcium Phosphate;Triethanolamine;Ubiquinone;Yeast Amino Acids,",0.0,143.0,1493.0,3.9091,1.0,,85.0,2.73,9.58,sun protect,nan
Sun protect,CLINIQUE,Broad Spectrum SPF 30 Mineral Sunscreen Fluid for Face,28,4.4,"Titanium Dioxide 3.2% , Zinc Oxide 2.0%Water , Dimethicone , Butyloctyl Salicylate , Methyl Trimethicone , Isononyl Isononanoate , Neopentyl Glycol Diheptanoate , Diethylhexyl Succinate , C12-15 Alkyl Benzoate , Butylene Glycol , Dipentaerythrityl Tri-Polyhydroxystearate , Lauryl Peg-9 Polydimethylsiloxyethyl Dimethicone , Trimethylsiloxysilicate , Hydroxyapatite , Cetyl Peg/Ppg-10/1 Dimethicone , Hydrolyzed Wheat Protein/Pvp Crosspolymer , Caprylyl Glycol , Dimethicone Silylate , Triethoxycaprylylsilane , Dimethicone Crosspolymer-3 , Dipropylene Glycol , Dimethicone/Peg-10/15 Crosspolymer , Isostearic Acid , Silica , Polyhydroxystearic Acid , Sodium Citrate , Phenoxyethanol , Iron Oxides (Ci 77492) , Iron Oxides (Ci 77491)",1,1,1,1,1,broad_spectrum_spf_30_mineral_sunscreen_fluid_for_face,clinique,sun_protect,clinique_broad_spectrum_spf_30_mineral_sunscreen_fluid_for_face,,,,,,,,,,"Titanium Dioxide 3,2%;Zinc Oxide 2,0%Water;Dimethicone;Butyloctyl Salicylate;Methyl Trimethicone;Isononyl Isononanoate;Neopentyl Glycol Diheptanoate;Diethylhexyl Succinate;C12-15 Alkyl Benzoate;Butylene Glycol;Dipentaerythrityl Tri-Polyhydroxystearate;Lauryl Peg-9 Polydimethylsiloxyethyl Dimethicone;Trimethylsiloxysilicate;Hydroxyapatite;Cetyl Peg/Ppg-10/1 Dimethicone;Hydrolyzed Wheat Protein/Pvp Crosspolymer;Caprylyl Glycol;Dimethicone Silylate;Triethoxycaprylylsilane;Dimethicone Crosspolymer-3;Dipropylene Glycol;Dimethicone/Peg-10/15 Crosspolymer;Isostearic Acid;Silica;Polyhydroxystearic Acid;Sodium Citrate;Phenoxyethanol;Iron Oxides (Ci 77492);Iron Oxides (Ci 77491)",,,,,,,,,,sun protect,nan
Sun protect,COOLA,Classic Sport SPF 50 - Fresh Mango,32,4.6,"Agave Americana Leaf Extract (Organic), Alcohol (Organic), Arnica Montana Flower Extract (Organic), Beeswax (Organic), Citric Acid, Citrus Aurantium Dulcis (Organic Orange) Fruit Water, Dicaprylyl Carbonate, Fragrance, Glycerin (Organic), Hydrogenated Methyl Abietate, Hydroxyethyl Acrylate/Sodium Acryloyldimethyl Taurate Copolymer, Linum Usitatissimum (Organic Linseed) Seed Oil,Persea Gratissima (Organic Avocado) Oil, Plankton Extract, Sodium Stearoyl Glutamate, Sorbitol/Sebacic Acid Copolymer Behenate, Tocopherol, Trisodium Ethylenediamine Disuccinate, Xanthan Gum.",1,1,1,1,1,classic_sport_spf_50_fresh_mango,coola,sun_protect,coola_classic_sport_spf_50_fresh_mango,,,,,,,,,,"Agave Americana Leaf Extract (Organic);Alcohol (Organic);Arnica Montana Flower Extract (Organic);Beeswax (Organic);Citric Acid;Citrus Aurantium Dulcis (Organic Orange) Fruit Water;Dicaprylyl Carbonate;Fragrance;Glycerin (Organic);Hydrogenated Methyl Abietate;Hydroxyethyl Acrylate/Sodium Acryloyldimethyl Taurate Copolymer;Linum Usitatissimum (Organic Linseed) Seed Oil;Persea Gratissima (Organic Avocado) Oil;Plankton Extract;Sodium Stearoyl Glutamate;Sorbitol/Sebacic Acid Copolymer Behenate;Tocopherol;Trisodium Ethylenediamine Disuccinate;Xanthan Gum,",,,,,,,,,,sun protect,nan
Sun protect,ESTÉE LAUDER,DayWear Multi-Protection Anti-Oxidant Sheer Tint Release Moisturizer Broad Spectrum SPF 15 - Normal/ Combination Skin,54,4.6,"Daywear Plus Mlti/Prt Moist Spf 15 Division: El (Estee Lauder)Active Ingredients: Octinoxate 7.50% , Octisalate 5.00% , Avobenzone 2.00%Ingredients: Water , Dimethicone , Caprylic/Capric/Myristic/Stearic Triglyceride , Butylene Glycol , Cyclopentasiloxane , Cetyl Ricinoleate , Steareth-2 , Di-C12-15 Alkyl Fumarate , Polysilicone-11 , Pentylene Glycol , Steareth-21 , Aspalathus Linearis (Red Tea) Leaf Extract , Camellia Sinensis (White Tea) Leaf Extract , Coffea Arabica (Coffee) Seed Extract , Polygonum Cuspidatum Root Extract , Triticum Vulgare (Wheat) Germ Extract , Betula Alba (Birch) Bark Extract , Laminaria Ochroleuca Extract , Hordeum Vulgare (Barley) Extract/Extrait D'Orge , Saccharomyces Lysate Extract , Rosmarinus Officinalis (Rosemary) Extract , Vitis Vinifera (Grape) Seed Extract , Ethylbisiminomethylguaiacol Manganese Chloride , Cholesterol , Phospholipids , Maltodextrin , Ascorbyl Tocopheryl Maleate , Cyclodextrin , Sodium Hyaluronate , Hydrogenated Lecithin , Trehalose , Nordihydroguaiaretic Acid , Palmitoyl Hydroxypropyltrimonium Amylopectin/Glycerin Crosspolymer , Pantethine , Linolenic Acid , Oryzanol , Lecithin , Squalane , Linoleic Acid , Glycerin , Sodium Pca , Urea , Caprylic/Capric Triglyceride , Polyethylene , Isopropyl Myristate , Behenyl Alcohol , Sodium Carbomer , Tromethamine , Stearyl Alcohol , Pvp/Hexadecene Copolymer , Polymethyl Methacrylate , Polyquaternium-51 , Carbomer , Fragrance , Disodium Edta , Sorbic Acid , Potassium Sorbate , Sodium Dehydroacetate , Chlorphenesin , Phenoxyethanol , Linalool , Butylphenyl Methylpropional , Hydroxyisohexyl 3-Cyclohexene Carboxaldehyde , Benzyl Salicylate , Titanium Dioxide (Ci 77891) , Iron Oxides (Ci 77491, Ci 77492, Ci 77499)",0,0,0,0,0,daywear_multi_protection_anti_oxidant_sheer_tint_release_moisturizer_broad_spectrum_spf_15_normal_combination_skin,estée_lauder,sun_protect,estée_lauder_daywear_multi_protection_anti_oxidant_sheer_tint_release_moisturizer_broad_spectrum_spf_15_normal_combination_skin,,,,,,,,,,"Daywear Plus Mlti/Prt Moist Spf 15 Division: El (Estee Lauder)Active Ingredients: Octinoxate 7,50%;Octisalate 5,00%;Avobenzone 2,00%Ingredients: Water;Dimethicone;Caprylic/Capric/Myristic/Stearic Triglyceride;Butylene Glycol;Cyclopentasiloxane;Cetyl Ricinoleate;Steareth-2;Di-C12-15 Alkyl Fumarate;Polysilicone-11;Pentylene Glycol;Steareth-21;Aspalathus Linearis (Red Tea) Leaf Extract;Camellia Sinensis (White Tea) Leaf Extract;Coffea Arabica (Coffee) Seed Extract;Polygonum Cuspidatum Root Extract;Triticum Vulgare (Wheat) Germ Extract;Betula Alba (Birch) Bark Extract;Laminaria Ochroleuca Extract;Hordeum Vulgare (Barley) Extract/Extrait D'Orge;Saccharomyces Lysate Extract;Rosmarinus Officinalis (Rosemary) Extract;Vitis Vinifera (Grape) Seed Extract;Ethylbisiminomethylguaiacol Manganese Chloride;Cholesterol;Phospholipids;Maltodextrin;Ascorbyl Tocopheryl Maleate;Cyclodextrin;Sodium Hyaluronate;Hydrogenated Lecithin;Trehalose;Nordihydroguaiaretic Acid;Palmitoyl Hydroxypropyltrimonium Amylopectin/Glycerin Crosspolymer;Pantethine;Linolenic Acid;Oryzanol;Lecithin;Squalane;Linoleic Acid;Glycerin;Sodium Pca;Urea;Caprylic/Capric Triglyceride;Polyethylene;Isopropyl Myristate;Behenyl Alcohol;Sodium Carbomer;Tromethamine;Stearyl Alcohol;Pvp/Hexadecene Copolymer;Polymethyl Methacrylate;Polyquaternium-51;Carbomer;Fragrance;Disodium Edta;Sorbic Acid;Potassium Sorbate;Sodium Dehydroacetate;Chlorphenesin;Phenoxyethanol;Linalool;Butylphenyl Methylpropional;Hydroxyisohexyl 3-Cyclohexene Carboxaldehyde;Benzyl Salicylate;Titanium Dioxide (Ci 77891);Iron Oxides (Ci 77491;Ci 77492;Ci 77499)",,,,,,,,,,sun protect,nan
Sun protect,DR. DENNIS GROSS SKINCARE,Instant Radiance Sun Defense Sunscreen Broad Spectrum SPF 40,42,3.9,"Water, Glycerin, Butylene Glycol, Isononyl Isononanoate, Pentylene Glycol, Carthamus Tinctorius (Safflower) Seed Oil, Olea Europaea (Olive) Fruit Oil, C12-15 Alkyl Benzoate, Coconut Alkanes, Hydroxyethyl Acrylate/Sodium Acryloyldimethyl Taurate Copolymer, Ascorbyl Glucoside, Melatonin, Tetrahexyldecyl Ascorbate, Tocopherol, Tocopheryl Acetate, Nordihydroguaiaretic Acid, Sodium Hyaluronate, Palmitoyl Tripeptide-38, Echium Plantagineum Seed Oil, Oenothera Biennis (Evening Primrose) Oil, Boerhavia Diffusa Root Extract, Phospholipids, Sphingolipids, Saccharide Isomerate, Citrus Aurantium Dulcis (Orange) Flower Extract, Glycolic Acid, Sodium PCA, Oleanolic Acid, PEG-60 Almond Glycerides, Hydrogenated Lecithin, Acrylates/Carbamate Copolymer, Bis-Ethylhexyl Hydroxydimethoxy Benzylmalonate, Coco-Caprylate/Caprate, Aluminum Hydroxide, Xanthan Gum, Citric Acid, Disodium EDTA, Hydroxypropyl Cyclodextrin, Sodium Citrate, Caprylyl Glycol, Isohexadecane, Polyhydroxystearic Acid, Sodium Hydroxide, Tromethamine, BHT, Polysorbate 60, Carbomer, Isopropyl Titanium Triisostearate, Sorbitan Isostearate, Stearic Acid, Benzyl Alcohol, Phenoxyethanol, Potassium Sorbate, Sodium Benzoate, Citrus Aurantium Dulcis (Orange) Oil, [+/- (May Contain): Titanium Dioxide (CI 77891), Mica (CI 77019), Iron Oxides (CI 77491, CI 77492, CI 77499)].",1,1,1,1,1,instant_radiance_sun_defense_sunscreen_broad_spectrum_spf_40,dr._dennis_gross_skincare,sun_protect,dr._dennis_gross_skincare_instant_radiance_sun_defense_sunscreen_broad_spectrum_spf_40,0.0,37.0,3123.0,3.9189,1.7,Moisturizers,24.71,10.59,1.18,"Glycerin;Butylene Glycol;Isononyl Isononanoate;Pentylene Glycol;Carthamus Tinctorius (Safflower) Seed Oil;Olea Europaea (Olive) Fruit Oil;C12-15 Alkyl Benzoate;Coconut Alkanes;Hydroxyethyl Acrylate/Sodium Acryloyldimethyl Taurate Copolymer;Ascorbyl Glucoside;Melatonin;Tetrahexyldecyl Ascorbate;Tocopherol;Tocopheryl Acetate;Nordihydroguaiaretic Acid;Sodium Hyaluronate;Palmitoyl Tripeptide-38;Echium Plantagineum Seed Oil;Oenothera Biennis (Evening Primrose) Oil;Boerhavia Diffusa Root Extract;Phospholipids;Sphingolipids;Saccharide Isomerate;Citrus Aurantium Dulcis (Orange) Flower Extract;Glycolic Acid;Sodium PCA;Oleanolic Acid;PEG-60 Almond Glycerides;Hydrogenated Lecithin;Acrylates/Carbamate Copolymer;Bis-Ethylhexyl Hydroxydimethoxy Benzylmalonate;Coco-Caprylate/Caprate;Aluminum Hydroxide;Xanthan Gum;Citric Acid;Disodium EDTA;Hydroxypropyl Cyclodextrin;Sodium Citrate;Caprylyl Glycol;Isohexadecane;Polyhydroxystearic Acid;Sodium Hydroxide;Tromethamine;BHT;Polysorbate 60;Carbomer;Isopropyl Titanium Triisostearate;Sorbitan Isostearate;Stearic Acid;Benzyl Alcohol;Phenoxyethanol;Potassium Sorbate;Sodium Benzoate;Citrus Aurantium Dulcis (Orange) Oil;[+/- (May Contain): Titanium Dioxide (CI 77891);Mica (CI 77019);Iron Oxides (CI 77491;CI 77492;CI 77499)],",0.0,37.0,3123.0,3.9189,1.7,Moisturizers,24.71,10.59,1.18,sun protect,Very Low (0 - 3k)
Sun protect,KIEHL'S SINCE 1851,Super Fluid UV Mineral Defense Titanium Dioxide Sunscreen Broad Spectrum SPF 50+,38,3.7,"Water, Isododecane, Dimethicone, C12-15 Alkyl Benzoate, Undecane, Styrene/Acrylates Copolymer, Caprylyl Methicone, Nylon-12, Butyloctyl Salicylate, Phenethyl Benzoate, Dicaprylyl Carbonate, Silica, Triethylhexanoin, Isohexadecane, Tridecane, Dicaprylyl Ether, Talc, Dimethicone/Peg-10/15 Crosspolymer, Aluminum Hydroxide, Stearic Acid, Pentylene Glycol, Peg-9 Polydimethylsiloxyethyl Dimethicone, Iron Oxides, Aluminum Stearate, Peg-8 Laurate, Phenoxyethanol, Magnesium Sulfate, Caprylyl Glycol, Alumina, Polyhydroxystearic Acid, Disteardimonium Hectorite, Tocopherol, Propylene Carbonate, Benzoic Acid, Disodium Stearoyl Glutamate, Peg-9.",0,0,0,1,1,super_fluid_uv_mineral_defense_titanium_dioxide_sunscreen_broad_spectrum_spf_50,kiehl's_since_1851,sun_protect,kiehl's_since_1851_super_fluid_uv_mineral_defense_titanium_dioxide_sunscreen_broad_spectrum_spf_50,,,,,,,,,,"Isododecane;Dimethicone;C12-15 Alkyl Benzoate;Undecane;Styrene/Acrylates Copolymer;Caprylyl Methicone;Nylon-12;Butyloctyl Salicylate;Phenethyl Benzoate;Dicaprylyl Carbonate;Silica;Triethylhexanoin;Isohexadecane;Tridecane;Dicaprylyl Ether;Talc;Dimethicone/Peg-10/15 Crosspolymer;Aluminum Hydroxide;Stearic Acid;Pentylene Glycol;Peg-9 Polydimethylsiloxyethyl Dimethicone;Iron Oxides;Aluminum Stearate;Peg-8 Laurate;Phenoxyethanol;Magnesium Sulfate;Caprylyl Glycol;Alumina;Polyhydroxystearic Acid;Disteardimonium Hectorite;Tocopherol;Propylene Carbonate;Benzoic Acid;Disodium Stearoyl Glutamate;Peg-9,",,,,,,,,,,sun protect,nan
Sun protect,LANCÔME,Rènergie Lift Multi-Action Sunscreen Broad Spectrum SPF 15 For Dry Skin,99,4.2,"Water, Dimethicone, Glycerin, Hydrogenated Polyisobutene, Beeswax, Poly C10-30 Alkyl Acrylate, Sucrose Stearate, Saccharomyces/Xylinum/ Black Tea Ferment, Sodium Polyacrylate, Hydrolyzed Linseed Extract, Hydrolyzed Soy Protein , Hydrolyzed Hyaluronic Acid, Sodium Hydroxide, Sodium Benzoate, Red 4, Stearic Acid, Phenoxyethanol, Adenosine, Acetyl Tetrapeptide-9, Peg-100 Stearate, Palmitic Acid, Silica, Chlorphenesin, Yellow 5, Dimethicone/Vinyl Dimethicone Crosspolymer, Dimethiconol, Limonene, Benzyl Alcohol, Linalool, Caprylyl Glycol, Acrylates/C10-30 Alkyl Acrylate Crosspolymer, Geraniol, Disodium Stearoyl Glutamate, Disodium EDTA, Citronellol, Aluminum Starch Octenylsuccinate, Coumarin, Glyceryl Stearate, Fragrance.",0,1,0,0,0,rènergie_lift_multi_action_sunscreen_broad_spectrum_spf_15_for_dry_skin,lancôme,sun_protect,lancôme_rènergie_lift_multi_action_sunscreen_broad_spectrum_spf_15_for_dry_skin,,,,,,,,,,"Dimethicone;Glycerin;Hydrogenated Polyisobutene;Beeswax;Poly C10-30 Alkyl Acrylate;Sucrose Stearate;Saccharomyces/Xylinum/ Black Tea Ferment;Sodium Polyacrylate;Hydrolyzed Linseed Extract;Hydrolyzed Soy Protein;Hydrolyzed Hyaluronic Acid;Sodium Hydroxide;Sodium Benzoate;Red 4;Stearic Acid;Phenoxyethanol;Adenosine;Acetyl Tetrapeptide-9;Peg-100 Stearate;Palmitic Acid;Silica;Chlorphenesin;Yellow 5;Dimethicone/Vinyl Dimethicone Crosspolymer;Dimethiconol;Limonene;Benzyl Alcohol;Linalool;Caprylyl Glycol;Acrylates/C10-30 Alkyl Acrylate Crosspolymer;Geraniol;Disodium Stearoyl Glutamate;Disodium EDTA;Citronellol;Aluminum Starch Octenylsuccinate;Coumarin;Glyceryl Stearate;Fragrance,",0.0,26.0,1715.0,3.8846,1.69,,58.58,14.94,1.52,sun protect,nan
Sun protect,TOM FORD,Face Protect SPF 50,76,4.6,"Water, Methyl Trimethicone, Butyloctyl Salicylate, Neopentyl Glycol Diheptanoate, Aleurites Moluccana (Kukui) Seed Oil, Lauryl PEG-9 Polydimethylsiloxyethyl Dimethicone, PEG-100 Stearate, Butylene Glycol, Glyceryl Stearate, Dipentaerythrityl Tri-Polyhydroxystearate, Potassium Cetyl Phosphate, Algae Extract, Laminaria Ochroleuca Extract, Scutellaria Baicalensis Root Extract, Glycyrrhetinic Acid, Caffeine, Caprylic/Capric Triglyceride, Cholesterol, Sorbitol, Yeast Polysaccharides, Ethylhexylglycerin, Sodium Hyaluronate, Cetyl Alcohol, Caprylyl Glycol, Vp/Eicosene Copolymer, Saccharide Isomerate, Tetrahexyldecyl Ascorbate, Tocopheryl Acetate, Ammonium Acryloyldimethyltaurate/VP Copolymer, Stearic Acid, Dehydroxanthan Gum, Fragrance, Sodium Dehydroacetate, Sodium Hydroxide, Citric Acid, Silica, Disodium EDTA, BHT, Phenoxyethanol, Mica, Titanium Dioxide (Ci 77891).",0,0,0,0,0,face_protect_spf_50,tom_ford,sun_protect,tom_ford_face_protect_spf_50,,,,,,,,,,"Methyl Trimethicone;Butyloctyl Salicylate;Neopentyl Glycol Diheptanoate;Aleurites Moluccana (Kukui) Seed Oil;Lauryl PEG-9 Polydimethylsiloxyethyl Dimethicone;PEG-100 Stearate;Butylene Glycol;Glyceryl Stearate;Dipentaerythrityl Tri-Polyhydroxystearate;Potassium Cetyl Phosphate;Algae Extract;Laminaria Ochroleuca Extract;Scutellaria Baicalensis Root Extract;Glycyrrhetinic Acid;Caffeine;Caprylic/Capric Triglyceride;Cholesterol;Sorbitol;Yeast Polysaccharides;Ethylhexylglycerin;Sodium Hyaluronate;Cetyl Alcohol;Caprylyl Glycol;Vp/Eicosene Copolymer;Saccharide Isomerate;Tetrahexyldecyl Ascorbate;Tocopheryl Acetate;Ammonium Acryloyldimethyltaurate/VP Copolymer;Stearic Acid;Dehydroxanthan Gum;Fragrance;Sodium Dehydroacetate;Sodium Hydroxide;Citric Acid;Silica;Disodium EDTA;BHT;Phenoxyethanol;Mica;Titanium Dioxide (Ci 77891),",,,,,,,,,,sun protect,nan
Sun protect,SKIN LAUNDRY,Daily Moisturizer Broad Spectrum SPF 35,25,4.1,"Acrylates/C10-30 Alkyl Acrylate Crosspolymer, Anacyclus Pyrethrum Root Extract, Water, Arnica Montana Flower Extract, Butyloctyl Salicylate, C12-15 Alkyl Benzoate, Caprylyl Glycol, Carbomer, Cucumis Sativus (Cucumber) Fruit Extract, Cyclohexasiloxane, Cyclopentasiloxane, Disodium EDTA, Ethylhexylglycerin, Glycerin, Hexylene Glycol,Methyl Methacrylate/ Glycol Dimethacrylate Crosspolymer, Phenoxyethanol,Polysorbate 20, Sodium Hyaluronate, Sorbitan Oleate, Tocopheryl Acetate, Triethanolamine.",1,1,1,1,1,daily_moisturizer_broad_spectrum_spf_35,skin_laundry,sun_protect,skin_laundry_daily_moisturizer_broad_spectrum_spf_35,,,,,,,,,,"Acrylates/C10-30 Alkyl Acrylate Crosspolymer;Anacyclus Pyrethrum Root Extract;Arnica Montana Flower Extract;Butyloctyl Salicylate;C12-15 Alkyl Benzoate;Caprylyl Glycol;Carbomer;Cucumis Sativus (Cucumber) Fruit Extract;Cyclohexasiloxane;Cyclopentasiloxane;Disodium EDTA;Ethylhexylglycerin;Glycerin;Hexylene Glycol;Methyl Methacrylate/ Glycol Dimethacrylate Crosspolymer;Phenoxyethanol;Polysorbate 20;Sodium Hyaluronate;Sorbitan Oleate;Tocopheryl Acetate;Triethanolamine,",0.0,57.0,4194.0,3.8246,1.7,,28.24,6.71,1.36,sun protect,nan
Sun protect,KATE SOMERVILLE,UncompliKated SPF 50 Soft Focus Makeup Setting Spray,38,3.2,"Alcohol Denat., Isobutane, Propane, Isododecane, Ethylhexyl Methoxycrylene, PVP, Methyl Dihydroabietate, Hydrolyzed Hyaluronic Acid, Rhodiola Rosea Root Extract, Water, Lavandula Angustifolia (Lavender) Oil, Silica Silylate, Pentylene Glycol.",1,1,1,1,0,uncomplikated_spf_50_soft_focus_makeup_setting_spray,kate_somerville,sun_protect,kate_somerville_uncomplikated_spf_50_soft_focus_makeup_setting_spray,,,,,,,,,,"Alcohol Denat,;Isobutane;Propane;Isododecane;Ethylhexyl Methoxycrylene;PVP;Methyl Dihydroabietate;Hydrolyzed Hyaluronic Acid;Rhodiola Rosea Root Extract;Lavandula Angustifolia (Lavender) Oil;Silica Silylate;Pentylene Glycol,",,,,,,,,,,sun protect,nan
Sun protect,CLINIQUE,City Block Sheer Oil-Free Daily Face Protector SPF 25,26,4.1,"Titanium Dioxide 7.30% , Zinc Oxide 6.90%Water , Trioctyldodecyl Citrate , Butylene Glycol , Cyclopentasiloxane , Dimethicone , C12-15 Alkyl Benzoate , Steareth-2 , Stearyl Heptanoate , Silica , Lecithin , Ammonium Acryloyldimethyltaurate/Vp Copolymer , Gentiana Lutea (Gentian) Root Extract , Rosmarinus Officinalis (Rosemary) Leaf Extract , Hordeum Vulgare (Barley) Extract/Extrait D'Orge , Betula Alba (Birch) Bark Extract , Cucumis Sativus (Cucumber) Fruit Extract , Laminaria Saccharina Extract , Saccharomyces Lysate Extract , Helianthus Annuus (Sunflower) Seedcake , Sodium Hyaluronate , Sorbitan Tristearate , Linoleic Acid , Polyquaternium-51 , Caprylyl Methicone , Sorbitol , Sodium Rna , Peg-40 Stearate , Caprylyl Glycol , Tocopheryl Acetate , Phytantriol , Stearic Acid , Hydrogenated Lecithin , Cellulose , Magnesium Ascorbyl Phosphate , Stearyl Dimethicone , Ascorbyl Tocopheryl Maleate , Nordihydroguaiaretic Acid , Linolenic Acid , Pantethine , Bisabolol , Ceteth-2 , Peg/Ppg-18/18 Dimethicone , Polyglyceryl-6 Polyricinoleate , Steareth-20 , Isopropyl Titanium Triisostearate , Propylene Glycol Dicaprate , Sodium Stearate , Nylon-12 , Citric Acid , Aluminum Hydroxide , Nylon-6 , Hexylene Glycol , Xanthan Gum , Disodium Edta , Bht , Phenoxyethanol , Titanium Dioxide (Ci 77891) , Iron Oxides (Ci 77491, Ci 77492, Ci 77499)",0,0,0,0,0,city_block_sheer_oil_free_daily_face_protector_spf_25,clinique,sun_protect,clinique_city_block_sheer_oil_free_daily_face_protector_spf_25,,,,,,,,,,"Titanium Dioxide 7,30%;Zinc Oxide 6,90%Water;Trioctyldodecyl Citrate;Butylene Glycol;Cyclopentasiloxane;Dimethicone;C12-15 Alkyl Benzoate;Steareth-2;Stearyl Heptanoate;Silica;Lecithin;Ammonium Acryloyldimethyltaurate/Vp Copolymer;Gentiana Lutea (Gentian) Root Extract;Rosmarinus Officinalis (Rosemary) Leaf Extract;Hordeum Vulgare (Barley) Extract/Extrait D'Orge;Betula Alba (Birch) Bark Extract;Cucumis Sativus (Cucumber) Fruit Extract;Laminaria Saccharina Extract;Saccharomyces Lysate Extract;Helianthus Annuus (Sunflower) Seedcake;Sodium Hyaluronate;Sorbitan Tristearate;Linoleic Acid;Polyquaternium-51;Caprylyl Methicone;Sorbitol;Sodium Rna;Peg-40 Stearate;Caprylyl Glycol;Tocopheryl Acetate;Phytantriol;Stearic Acid;Hydrogenated Lecithin;Cellulose;Magnesium Ascorbyl Phosphate;Stearyl Dimethicone;Ascorbyl Tocopheryl Maleate;Nordihydroguaiaretic Acid;Linolenic Acid;Pantethine;Bisabolol;Ceteth-2;Peg/Ppg-18/18 Dimethicone;Polyglyceryl-6 Polyricinoleate;Steareth-20;Isopropyl Titanium Triisostearate;Propylene Glycol Dicaprate;Sodium Stearate;Nylon-12;Citric Acid;Aluminum Hydroxide;Nylon-6;Hexylene Glycol;Xanthan Gum;Disodium Edta;Bht;Phenoxyethanol;Titanium Dioxide (Ci 77891);Iron Oxides (Ci 77491;Ci 77492;Ci 77499)",,,,,,,,,,sun protect,nan
Sun protect,COOLA,Sport Continuous Spray SPF 50 - Unscented,36,4.4,"Alcohol (Organic), Algae (Organic) Extract, Aloe Barbadensis (Organic) Leaf Extract, Butyloctyl Salicylate, Cucumis Sativus (Organic Cucumber) Fruit Extract, Fragaria Vesca (Organic Strawberry) Fruit Extract, Glycerin (Organic), Va/Butyl Maleate/Isobornyl Acrylate Copolymer, Water.",1,1,1,1,1,sport_continuous_spray_spf_50_unscented,coola,sun_protect,coola_sport_continuous_spray_spf_50_unscented,,,,,,,,,,"Alcohol (Organic);Algae (Organic) Extract;Aloe Barbadensis (Organic) Leaf Extract;Butyloctyl Salicylate;Cucumis Sativus (Organic Cucumber) Fruit Extract;Fragaria Vesca (Organic Strawberry) Fruit Extract;Glycerin (Organic);Va/Butyl Maleate/Isobornyl Acrylate Copolymer;Water,",,,,,,,,,,sun protect,nan
Sun protect,LAURA MERCIER,Flawless Skin Daily Face Shield SPF 40,45,4.2,"Water, Cyclomethicone, Butylene Glycol, Ethylhexyl Methoxycinnamate, Dimethicone, PEG-10 Dimethicone, Titanium Dioxide, Dimethicone/Vinyl Dimethicone Crosspolymer, Caprylyl Methicone, Polyacrylate-15, Polyacrylate-17, Glycerin, Panthenol, Dipropylene Glycol, Silica, Sodium Chloride, Methicone, Dipotassium Glycyrrhizate, Acanthopanax Senticosus (Eleuthero) Root Extract, Caprylyl Glycol, Rhodiola Rosea Extract, Rhaponticum Carthamoides Root Extract, Alumina, Phenoxyethanol, Tocopheryl Acetate, Disteardimonium Hectorite, Disodium EDTA.",0,0,0,0,0,flawless_skin_daily_face_shield_spf_40,laura_mercier,sun_protect,laura_mercier_flawless_skin_daily_face_shield_spf_40,,,,,,,,,,"Cyclomethicone;Butylene Glycol;Ethylhexyl Methoxycinnamate;Dimethicone;PEG-10 Dimethicone;Titanium Dioxide;Dimethicone/Vinyl Dimethicone Crosspolymer;Caprylyl Methicone;Polyacrylate-15;Polyacrylate-17;Glycerin;Panthenol;Dipropylene Glycol;Silica;Sodium Chloride;Methicone;Dipotassium Glycyrrhizate;Acanthopanax Senticosus (Eleuthero) Root Extract;Caprylyl Glycol;Rhodiola Rosea Extract;Rhaponticum Carthamoides Root Extract;Alumina;Phenoxyethanol;Tocopheryl Acetate;Disteardimonium Hectorite;Disodium EDTA,",,,,,,,,,,sun protect,nan
Sun protect,KAPLAN MD,Daily Moisture SPF 30 Concentrate,100,4.0,*USDA National Organic Program Certified Organic Extracts.,0,0,0,0,0,daily_moisture_spf_30_concentrate,kaplan_md,sun_protect,kaplan_md_daily_moisture_spf_30_concentrate,,,,,,,,,,"*USDA National Organic Program Certified Organic Extracts,",,,,,,,,,,sun protect,nan
Sun protect,HUM NUTRITION,Turn Back Time Anti-Aging Supplement,40,4.2,"Vitamin C, Skin Nurturing Complex Proprietary Blend (Polypodium Leucotomos Extract, ALA, Green Tea Extract, Turmeric, Lutein), Vegetarian Capsule, Rice Flour, Silica.",0,0,0,0,0,turn_back_time_anti_aging_supplement,hum_nutrition,sun_protect,hum_nutrition_turn_back_time_anti_aging_supplement,,,,,,,,,,"Vitamin C;Skin Nurturing Complex Proprietary Blend (Polypodium Leucotomos Extract;ALA;Green Tea Extract;Turmeric;Lutein);Vegetarian Capsule;Rice Flour;Silica,",0.0,16.0,4500.0,4.1875,,,,26.17,0.36,sun protect,nan
Sun protect,CLINIQUE,Smart Broad Spectrum SPF 15 Custom-Repair Moisturizer for Combination Oily Skin,55,4.3,"Avobenzone 3.0% , Octisalate 5.0%Water , Butyloctyl Salicylate , Glycerin , Polyester-8 , Polysorbate 60 , Cetyl Alcohol , Butylene Glycol , Sorbitan Stearate , Dimethicone , Tridecyl Stearate , Peg-100 Stearate , Saccharomyces Ferment Filtrate , Sodium Hyaluronate , Camellia Sinensis Leaf Extract , Astrocaryum Murumuru Seed Butter , Tridecyl Trimellitate , Dipentaerythrityl Hexacaprylate/Hexacaprate , Algae Extract , Plankton Extract , Laminaria Saccharina Extract , Tamarindus Indica Seed Extract , Sigesbeckia Orientalis (St. Paul'S Wort) Extract , Acetyl Glucosamine , Whey Protein/Lactis Protein/Proteine Du Petit-Lait , Glycine Soja (Soybean) Protein , Centaurium Erythraea (Centaury) Extract , Cetyl Palmitate , Polyethylene , Acrylates/C10-30 Alkyl Acrylate Crosspolymer , Acetyl Hexapeptide-8 , Biotin , Aminopropyl Ascorbyl Phosphate , Sorbitan Palmitate , Sorbitan Olivate , Ethylhexylglycerin , Caffeine , Tocopheryl Acetate , Ethylene/Va Copolymer , Sodium Polyacrylate , Trehalose , Ergothioneine , Lecithin , Hydroxyethylcellulose , Sodium Benzoate , Sodium Hydroxide , Pentylene Glycol , Disodium Edta , Phenoxyethanol , Chlorphenesin , Yellow 5 (Ci 19140) , Red 4 (Ci 14700)",0,0,0,0,0,smart_broad_spectrum_spf_15_custom_repair_moisturizer_for_combination_oily_skin,clinique,sun_protect,clinique_smart_broad_spectrum_spf_15_custom_repair_moisturizer_for_combination_oily_skin,0.0,3.0,654.0,4.3333,1.7,Moisturizers,32.35,144.44,0.46,"Avobenzone 3,0%;Octisalate 5,0%Water;Butyloctyl Salicylate;Glycerin;Polyester-8;Polysorbate 60;Cetyl Alcohol;Butylene Glycol;Sorbitan Stearate;Dimethicone;Tridecyl Stearate;Peg-100 Stearate;Saccharomyces Ferment Filtrate;Sodium Hyaluronate;Camellia Sinensis Leaf Extract;Astrocaryum Murumuru Seed Butter;Tridecyl Trimellitate;Dipentaerythrityl Hexacaprylate/Hexacaprate;Algae Extract;Plankton Extract;Laminaria Saccharina Extract;Tamarindus Indica Seed Extract;Sigesbeckia Orientalis (St, Paul'S Wort) Extract;Acetyl Glucosamine;Whey Protein/Lactis Protein/Proteine Du Petit-Lait;Glycine Soja (Soybean) Protein;Centaurium Erythraea (Centaury) Extract;Cetyl Palmitate;Polyethylene;Acrylates/C10-30 Alkyl Acrylate Crosspolymer;Acetyl Hexapeptide-8;Biotin;Aminopropyl Ascorbyl Phosphate;Sorbitan Palmitate;Sorbitan Olivate;Ethylhexylglycerin;Caffeine;Tocopheryl Acetate;Ethylene/Va Copolymer;Sodium Polyacrylate;Trehalose;Ergothioneine;Lecithin;Hydroxyethylcellulose;Sodium Benzoate;Sodium Hydroxide;Pentylene Glycol;Disodium Edta;Phenoxyethanol;Chlorphenesin;Yellow 5 (Ci 19140);Red 4 (Ci 14700)",0.0,3.0,654.0,4.3333,1.7,Moisturizers,32.35,144.44,0.46,sun protect,Very Low (0 - 3k)
Sun protect,ESTÉE LAUDER,DayWear BB Anti-Oxidant Beauty Benefit Crème SPF 35,42,3.7,"Daywear Bb Cream Spf35+++ Division: El (Estee Lauder)Active Ingredients: Octinoxate 7.50%, Octisalate 4.00%, Oxybenzone 2.50%, Titanium Dioxide 1.10%Ingredients: Water, Dimethicone, Butylene Glycol, Pentylene Glycol, Phenyl Trimethicone, Glyceryl Stearate, Behenyl Alcohol, Trioctyldodecyl Citrate, Polymethylsilsesquioxane, Octyldodecyl Stearoyl Stearate, Peg-40 Stearate, Polyglyceryl-10 Pentastearate, Gentiana Lutea (Gentian) Root Extract, Polygonum Cuspidatum Root Extract, Thermus Thermophillus Ferment, Hordeum Vulgare (Barley) Extract/Extrait D'Orge, Fumaria Officinalis Flower/Leaf/Stem Extract, Citrus Medica Limonum (Lemon) Fruit Extract, Hydrolyzed Rice Bran Extract, Laminaria Saccharina Extract, Hydrolyzed Rice Extract, Rosmarinus Officinalis (Rosemary) Leaf Extract, Artemia Extract, Vitis Vinifera (Grape) Seed Extract, Triticum Vulgare (Wheat) Germ Extract, Cholesterol, Caffeine, Propylene Glycol Stearate, Octyldodecyl Neopentanoate, Polyglyceryl-6 Polyricinoleate, Tocopheryl Acetate, Sucrose, Glycerin, Sodium Stearoyl Lactylate, Linoleic Acid, Lecithin, Squalane, Sodium Pca, Urea, Isopropyl Titanium Triisostearate, Ergothioneine, Sodium Dehydroacetate, Tetrahexyldecyl Ascorbate, Polysorbate 20, Sorbitan Laurate, Sodium Hyaluronate, Citric Acid, Propylene Glycol Laurate, Glycyrrhetinic Acid, Trehalose, Polyquaternium-51, Hydrogenated Lecithin, Fumaric Acid, Alumina, Palmitoyl Hydroxypropyltrimonium Amylopectin/Glycerin Crosspolymer, Ammonium Acryloyldimethyltaurate/Vp Copolymer, Cyclodextrin, Nordihydroguaiaretic Acid, Ascorbyl Tocopheryl Maleate, Xanthan Gum, Stearic Acid, Silica, Fragrance, Ethylbisiminomethylguaiacol Manganese Chloride, Pentaerythrityl Tetra-Di-T-Butyl Hydroxyhydrocinnamate, Disodium Edta, Phenoxyethanol, Chlorphenesin, [+/- Titanium Dioxide (Ci 77891), Zinc Oxide (Ci 77947), Iron Oxides (Ci 77491, Ci 77492, Ci 77499), Yellow 5 Lake (Ci 19140), Chromium Oxide Greens (Ci 77288), Mica, Ferric Ferrocyanide (Ci 77510), Chromium Hydroxide Green (Ci 77289), Carmine (Ci 75470), Bismuth Oxychloride (Ci 77163), Blue 1 Lake (Ci 42090)] Please be aware that ingredient lists may change or vary from time to time.� Please refer to the ingredient list on the product package you receive for the most up to date list of ingredients.",0,0,0,0,0,daywear_bb_anti_oxidant_beauty_benefit_crème_spf_35,estée_lauder,sun_protect,estée_lauder_daywear_bb_anti_oxidant_beauty_benefit_crème_spf_35,,,,,,,,,,"Daywear Bb Cream Spf35+++ Division: El (Estee Lauder)Active Ingredients: Octinoxate 7,50%;Octisalate 4,00%;Oxybenzone 2,50%;Titanium Dioxide 1,10%Ingredients: Water;Dimethicone;Butylene Glycol;Pentylene Glycol;Phenyl Trimethicone;Glyceryl Stearate;Behenyl Alcohol;Trioctyldodecyl Citrate;Polymethylsilsesquioxane;Octyldodecyl Stearoyl Stearate;Peg-40 Stearate;Polyglyceryl-10 Pentastearate;Gentiana Lutea (Gentian) Root Extract;Polygonum Cuspidatum Root Extract;Thermus Thermophillus Ferment;Hordeum Vulgare (Barley) Extract/Extrait D'Orge;Fumaria Officinalis Flower/Leaf/Stem Extract;Citrus Medica Limonum (Lemon) Fruit Extract;Hydrolyzed Rice Bran Extract;Laminaria Saccharina Extract;Hydrolyzed Rice Extract;Rosmarinus Officinalis (Rosemary) Leaf Extract;Artemia Extract;Vitis Vinifera (Grape) Seed Extract;Triticum Vulgare (Wheat) Germ Extract;Cholesterol;Caffeine;Propylene Glycol Stearate;Octyldodecyl Neopentanoate;Polyglyceryl-6 Polyricinoleate;Tocopheryl Acetate;Sucrose;Glycerin;Sodium Stearoyl Lactylate;Linoleic Acid;Lecithin;Squalane;Sodium Pca;Urea;Isopropyl Titanium Triisostearate;Ergothioneine;Sodium Dehydroacetate;Tetrahexyldecyl Ascorbate;Polysorbate 20;Sorbitan Laurate;Sodium Hyaluronate;Citric Acid;Propylene Glycol Laurate;Glycyrrhetinic Acid;Trehalose;Polyquaternium-51;Hydrogenated Lecithin;Fumaric Acid;Alumina;Palmitoyl Hydroxypropyltrimonium Amylopectin/Glycerin Crosspolymer;Ammonium Acryloyldimethyltaurate/Vp Copolymer;Cyclodextrin;Nordihydroguaiaretic Acid;Ascorbyl Tocopheryl Maleate;Xanthan Gum;Stearic Acid;Silica;Fragrance;Ethylbisiminomethylguaiacol Manganese Chloride;Pentaerythrityl Tetra-Di-T-Butyl Hydroxyhydrocinnamate;Disodium Edta;Phenoxyethanol;Chlorphenesin;[+/- Titanium Dioxide (Ci 77891);Zinc Oxide (Ci 77947);Iron Oxides (Ci 77491;Ci 77492;Ci 77499);Yellow 5 Lake (Ci 19140);Chromium Oxide Greens (Ci 77288);Mica;Ferric Ferrocyanide (Ci 77510);Chromium Hydroxide Green (Ci 77289);Carmine (Ci 75470);Bismuth Oxychloride (Ci 77163);Blue 1 Lake (Ci 42090)] Please be aware that ingredient lists may change or vary from time to time,� Please refer to the ingredient list on the product package you receive for the most up to date list of ingredients,",0.0,54.0,7208.0,3.6852,1.0,,42.0,6.82,0.75,sun protect,nan
Sun protect,ANTHONY,Day Cream Broad Spectrum Sunscreen SPF 30,34,4.0,"Water, Caprylic/Capric Triglyceride, Corn Starch Modified, Cetearyl Olivate, Diethylhexyl 2,6-Naphthalate, C12-15 Alkyl Benzoate, Sorbitan Olivate, Gluconolactone, Squalene, Glycerin, Cyclopentasiloxane, Tocopheryl Acetate (D-Alpha), Glycine Sojo (Soybean) Oil, Sodium Hyaluronate (L), Xanthan Gum, Carbomer, Aminomethyl Porpanol, Sodium Benzoate, Phenethyl Alcohol, Caprylyl Glycol, Phenoxyethanol, Trisodium Ethylenediamine Disuccinate, Potassium Sorbate.",1,1,1,1,1,day_cream_broad_spectrum_sunscreen_spf_30,anthony,sun_protect,anthony_day_cream_broad_spectrum_sunscreen_spf_30,,,,,,,,,,"Caprylic/Capric Triglyceride;Corn Starch Modified;Cetearyl Olivate;Diethylhexyl 2,6-Naphthalate;C12-15 Alkyl Benzoate;Sorbitan Olivate;Gluconolactone;Squalene;Glycerin;Cyclopentasiloxane;Tocopheryl Acetate (D-Alpha);Glycine Sojo (Soybean) Oil;Sodium Hyaluronate (L);Xanthan Gum;Carbomer;Aminomethyl Porpanol;Sodium Benzoate;Phenethyl Alcohol;Caprylyl Glycol;Phenoxyethanol;Trisodium Ethylenediamine Disuccinate;Potassium Sorbate,",,,,,,,,,,sun protect,nan
Sun protect,MDSOLARSCIENCES,Daily Anti-Aging Moisturizer SPF 30,75,4.1,"Water, Butyloctyl Salicylate, Coco-Caprylate/Caprate, Glycerin, Sorbitol, Lecithin, Aloe Barbadensis Leaf Extract, Caffeine, Zea Mays (Corn) Oil, Proline, Xanthan Gum, Sodium Ascorbyl Phosphate, Rosa Moschata Seed Oil, Niacinamide, Vitis Vinifera (Grape) Callus Culture Extract, Chamomilla Recutita (Matricaria) Flower Extract, Camellia Sinensis (Green Tea) Extract, Diatomaceous Earth, Helianthus Annuus (Sunflower) Seed Oil, Rosmarinus Officinalis (Rosemary) Leaf Extract, Laminaria Digitata Extract, Tremella Fuciformis (Mushroom) Extract, Ferric Hexapeptide-35, Sesamum Indicum (Sesame) Seed Oil, Macadamia Integrifolia Seed Oil, Olea Europaea (Olive) Fruit Oil, Polysilicone-15, Sodium Hyaluronate, Dimethicone, Ceteareth-25, Cetyl Alcohol, Behenic Acid, Cholesterol, Ceramide NP, Ceramide NS, Ceramide EOS, Ceramide EOP, Ceramide AP, Caprooyl Phytosphingosine, Caprooyl Sphingosine, Caprylic/ Capric Triglyceride Teprenone, Sodium Stearoyl Glutamate, Polyester-8, Caprylhydroxamic Acid, Caprylyl Glycol, Carbomer, Acrylates/C10-30 Alkyl Acrylate Crosspolymer, Allantoin, Panthenol, Sodium Polyacrylate, Mica, Melaleuca Alternifolia (Tea Tree) Leaf Oil, Lavandula Angustifolia (Lavender) Oil, Sodium Hydroxide.",1,0,1,1,1,daily_anti_aging_moisturizer_spf_30,mdsolarsciences,sun_protect,mdsolarsciences_daily_anti_aging_moisturizer_spf_30,,,,,,,,,,"Butyloctyl Salicylate;Coco-Caprylate/Caprate;Glycerin;Sorbitol;Lecithin;Aloe Barbadensis Leaf Extract;Caffeine;Zea Mays (Corn) Oil;Proline;Xanthan Gum;Sodium Ascorbyl Phosphate;Rosa Moschata Seed Oil;Niacinamide;Vitis Vinifera (Grape) Callus Culture Extract;Chamomilla Recutita (Matricaria) Flower Extract;Camellia Sinensis (Green Tea) Extract;Diatomaceous Earth;Helianthus Annuus (Sunflower) Seed Oil;Rosmarinus Officinalis (Rosemary) Leaf Extract;Laminaria Digitata Extract;Tremella Fuciformis (Mushroom) Extract;Ferric Hexapeptide-35;Sesamum Indicum (Sesame) Seed Oil;Macadamia Integrifolia Seed Oil;Olea Europaea (Olive) Fruit Oil;Polysilicone-15;Sodium Hyaluronate;Dimethicone;Ceteareth-25;Cetyl Alcohol;Behenic Acid;Cholesterol;Ceramide NP;Ceramide NS;Ceramide EOS;Ceramide EOP;Ceramide AP;Caprooyl Phytosphingosine;Caprooyl Sphingosine;Caprylic/ Capric Triglyceride Teprenone;Sodium Stearoyl Glutamate;Polyester-8;Caprylhydroxamic Acid;Caprylyl Glycol;Carbomer;Acrylates/C10-30 Alkyl Acrylate Crosspolymer;Allantoin;Panthenol;Sodium Polyacrylate;Mica;Melaleuca Alternifolia (Tea Tree) Leaf Oil;Lavandula Angustifolia (Lavender) Oil;Sodium Hydroxide,",,,,,,,,,,sun protect,nan
Sun protect,KORRES,After Sun Greek Yoghurt Cooling Gel for Face and Body,26,4.6,"Water, Glycerin, Glyceryl Polyacrylate, Yogurt, Hydrogenated Polyisobutene,Butylene Glycol, Mannan, Ceratonia Siliqua Gum, Dicaprylyl Carbonate,Pentylene Glycol, Panthenol, Sodium Acrylates Copolymer, Epilobium Angustifolium extract, Foeniculum Vulgare (Fennel) Extract, Laureth-9, Menthyl Lactate, Glycine Soja (Soybean) Oil, Prunus Amygdalus Dulcis (Sweet Almond) Oil, Calendula Officinalis Flower Extract, Helianthus Annuus (Sunflower) Seed Oil, Hydrogenated Jojoba Esters, Parfum, Amyl Cinnamal, Benzyl Alcohol, Benzyl Salicylate, Citronellol, Coumarin, Hexyl Cinnamal, Hydroxycitronellol, Hydroxyisohexyl 3-Cyclohexene Carboxaldehyde, Isoeugenol, Linalool, Phenoxyethanol, Phospholipids, Polyglyceryl-10 Stearate, Potassium Sorbate, Tocopherol.",1,1,1,1,1,after_sun_greek_yoghurt_cooling_gel_for_face_and_body,korres,sun_protect,korres_after_sun_greek_yoghurt_cooling_gel_for_face_and_body,1.0,326.0,9439.0,4.589,5.07,Moisturizers,5.13,1.41,3.45,"Glycerin;Glyceryl Polyacrylate;Yogurt;Hydrogenated Polyisobutene;Butylene Glycol;Mannan;Ceratonia Siliqua Gum;Dicaprylyl Carbonate;Pentylene Glycol;Panthenol;Sodium Acrylates Copolymer;Epilobium Angustifolium extract;Foeniculum Vulgare (Fennel) Extract;Laureth-9;Menthyl Lactate;Glycine Soja (Soybean) Oil;Prunus Amygdalus Dulcis (Sweet Almond) Oil;Calendula Officinalis Flower Extract;Helianthus Annuus (Sunflower) Seed Oil;Hydrogenated Jojoba Esters;Parfum;Amyl Cinnamal;Benzyl Alcohol;Benzyl Salicylate;Citronellol;Coumarin;Hexyl Cinnamal;Hydroxycitronellol;Hydroxyisohexyl 3-Cyclohexene Carboxaldehyde;Isoeugenol;Linalool;Phenoxyethanol;Phospholipids;Polyglyceryl-10 Stearate;Potassium Sorbate;Tocopherol,",1.0,326.0,9439.0,4.589,5.07,Moisturizers,5.13,1.41,3.45,sun protect,Medium (7k - 13k)
Sun protect,AMOREPACIFIC,Resort Collection Sun Protection Cushion SPF 30+,40,4.0,"Phyllostachis Bambusoides Juice, Cyclopentasiloxane, Zinc Oxide (Ci 77947), Ethylhexyl Methoxycinnamate, Cyclohexasiloxane, Titanium Dioxide (Ci 77891), Peg-10 Dimethicone, Phenyl Trimethicone, Butylene Glycol, Butylene Glycol Dicaprylate/Dicaprate, Alcohol, Lauryl Peg-9 Polydimethylsiloxyethyl Dimethicone, Acrylates/Ethylhexyl Acrylate/Dimethicone Methacrylate Copolymer, Polyhydroxystearic Acid, Disteardimonium Hectorite, Sodium Chloride, Aluminum Hydroxide, Stearic Acid, Ethylhexyl Palmitate, Lecithin, Isostearic Acid, Isopropyl Palmitate, Triethoxycaprylylsilane, Caprylyl Glycol, Polyglyceryl-3 Polyricinoleate, Phenoxyethanol, Ethylhexylglycerin, Disodium Edta, Polymethyl Methacrylate, Portulaca Oleracea Extract, Prunus Mume Fruit Extract, Iron Oxides (Ci 77492), Iron Oxides (Ci 77491), Iron Oxides (Ci 77499), Fragrance.",0,0,0,0,0,resort_collection_sun_protection_cushion_spf_30,amorepacific,sun_protect,amorepacific_resort_collection_sun_protection_cushion_spf_30,,,,,,,,,,"Phyllostachis Bambusoides Juice;Cyclopentasiloxane;Zinc Oxide (Ci 77947);Ethylhexyl Methoxycinnamate;Cyclohexasiloxane;Titanium Dioxide (Ci 77891);Peg-10 Dimethicone;Phenyl Trimethicone;Butylene Glycol;Butylene Glycol Dicaprylate/Dicaprate;Alcohol;Lauryl Peg-9 Polydimethylsiloxyethyl Dimethicone;Acrylates/Ethylhexyl Acrylate/Dimethicone Methacrylate Copolymer;Polyhydroxystearic Acid;Disteardimonium Hectorite;Sodium Chloride;Aluminum Hydroxide;Stearic Acid;Ethylhexyl Palmitate;Lecithin;Isostearic Acid;Isopropyl Palmitate;Triethoxycaprylylsilane;Caprylyl Glycol;Polyglyceryl-3 Polyricinoleate;Phenoxyethanol;Ethylhexylglycerin;Disodium Edta;Polymethyl Methacrylate;Portulaca Oleracea Extract;Prunus Mume Fruit Extract;Iron Oxides (Ci 77492);Iron Oxides (Ci 77491);Iron Oxides (Ci 77499);Fragrance,",,,,,,,,,,sun protect,nan
Sun protect,COOLA,Sport Continuous Spray SPF 50 - Guava Mango,36,4.1,"Alcohol*, Algae Extract*, Aloe Barbadensis Leaf Extract*, Butyloctyl Salicylate, Cucumis Sativus (Cucumber) Fruit Extract*, Flavor, Fragaria Vesca (Strawberry) Fruit Extract*, Glycerin*, VA/Butyl Maleate/Isobornyl Acrylate Copolymer, Water. *Certified Organic.",1,1,1,1,1,sport_continuous_spray_spf_50_guava_mango,coola,sun_protect,coola_sport_continuous_spray_spf_50_guava_mango,,,,,,,,,,"Alcohol*;Algae Extract*;Aloe Barbadensis Leaf Extract*;Butyloctyl Salicylate;Cucumis Sativus (Cucumber) Fruit Extract*;Flavor;Fragaria Vesca (Strawberry) Fruit Extract*;Glycerin*;VA/Butyl Maleate/Isobornyl Acrylate Copolymer;Water, *Certified Organic,",,,,,,,,,,sun protect,nan
Sun protect,MDSOLARSCIENCES,Mineral Moisture Defense Body Broad Spectrum SPF 50 UVA-UVB Sunscreen,39,4.1,"Dimethicone, Caprylic/CapricTriglyceride, Dimethicone Crosspolymer, Dimethicone/Vinyl Dimethicone Crosspolymer, Butyloctyl Salicylate, Glyceryl Isostearate, Polyester-8, Polysilicone-15, Behenic Acid, Camelia Sinensis Leaf Extract, Caprooyl Phytosphingosine, Ceramide AP, Ceramide EOP, Ceramide EOS, Ceramide NP, Ceramide NS, Ceteareth-25, Cetyl Alcohol, Cholesterol, Glycerin, Iron Oxides, PEG/PPG-18/18 Dimethicone, Punica Granatum Extract, Silica, Tetrahexyldecyl Ascorbate, Tocopheryl Acetate, Triethoxycaprylysilane, Vaccinum Macrocarpon (Cranberry) Fruit Extract.",0,0,0,0,0,mineral_moisture_defense_body_broad_spectrum_spf_50_uva_uvb_sunscreen,mdsolarsciences,sun_protect,mdsolarsciences_mineral_moisture_defense_body_broad_spectrum_spf_50_uva_uvb_sunscreen,,,,,,,,,,"Dimethicone;Caprylic/CapricTriglyceride;Dimethicone Crosspolymer;Dimethicone/Vinyl Dimethicone Crosspolymer;Butyloctyl Salicylate;Glyceryl Isostearate;Polyester-8;Polysilicone-15;Behenic Acid;Camelia Sinensis Leaf Extract;Caprooyl Phytosphingosine;Ceramide AP;Ceramide EOP;Ceramide EOS;Ceramide NP;Ceramide NS;Ceteareth-25;Cetyl Alcohol;Cholesterol;Glycerin;Iron Oxides;PEG/PPG-18/18 Dimethicone;Punica Granatum Extract;Silica;Tetrahexyldecyl Ascorbate;Tocopheryl Acetate;Triethoxycaprylysilane;Vaccinum Macrocarpon (Cranberry) Fruit Extract,",,,,,,,,,,sun protect,nan
Sun protect,COOLA,ER+ Radical Recovery After-Sun Lotion,32,4.8,"Water, Helianthus Annuus (Sunflower) Seed Oil*, Aloe Barbadensis (Aloe Vera) Leaf Juice*, Cetearyl Alcohol, Glycerin, Caprylic/Capric Triglyceride, Cetearyl Glucoside, Saccharomyces/Agave Americana Leaf Ferment Filtrate*, Cetyl Palmitate, Lavandula Angustifolia (Lavender) Flower Oil*, Citrus Sinensis (Sweet Orange) Peel Oil, Citrus Reticulata (Mandarin Red) Peel Oil, Rosmarinus Officinalis (Rosemary) Leaf Oil, Cedrus Atlantica (Cedar) Wood Oil, Xanthan Gum, Rosmarinus Officinalis (Rosemary) Leaf Extract*, Dehydroacetic Acid, Benzyl Alcohol. *Certified Organic.",1,1,1,1,1,er_radical_recovery_after_sun_lotion,coola,sun_protect,coola_er_radical_recovery_after_sun_lotion,,,,,,,,,,"Helianthus Annuus (Sunflower) Seed Oil*;Aloe Barbadensis (Aloe Vera) Leaf Juice*;Cetearyl Alcohol;Glycerin;Caprylic/Capric Triglyceride;Cetearyl Glucoside;Saccharomyces/Agave Americana Leaf Ferment Filtrate*;Cetyl Palmitate;Lavandula Angustifolia (Lavender) Flower Oil*;Citrus Sinensis (Sweet Orange) Peel Oil;Citrus Reticulata (Mandarin Red) Peel Oil;Rosmarinus Officinalis (Rosemary) Leaf Oil;Cedrus Atlantica (Cedar) Wood Oil;Xanthan Gum;Rosmarinus Officinalis (Rosemary) Leaf Extract*;Dehydroacetic Acid;Benzyl Alcohol, *Certified Organic,",,,,,,,,,,sun protect,nan
Sun protect,ILIA,Flow-Thru Radiant Transclucent Powder SPF 20,34,3.6,"This ingredient list is subject to change, it is the most up-to-date ingredient list and may differ from product packaging.",1,0,1,0,1,flow_thru_radiant_transclucent_powder_spf_20,ilia,sun_protect,ilia_flow_thru_radiant_transclucent_powder_spf_20,,,,,,,,,,"This ingredient list is subject to change;it is the most up-to-date ingredient list and may differ from product packaging,",,,,,,,,,,sun protect,nan
Sun protect,EVE LOM,Daily Protection Broad Spectrum SPF 50 Sunscreen,90,4.4,Visit the Eve Lom boutique,1,1,1,1,1,daily_protection_broad_spectrum_spf_50_sunscreen,eve_lom,sun_protect,eve_lom_daily_protection_broad_spectrum_spf_50_sunscreen,,,,,,,,,,Visit the Eve Lom boutique,,,,,,,,,,sun protect,nan
Sun protect,DR. BRANDT SKINCARE,pores no more® multi-performance stick,35,3.6,"Aluminum Hydroxide, Butyloctyl Salicylate, C12-15 Alkyl Benzoate, Caprylyl Methicone, Copernicia Cerifera (Carnauba) Wax, Dimethicone, Ethylhexylglycerin, Hydrogenated Polydecene, Iron Oxides, Isononyl Isononanoate, Isopropyl Myristate, Isopropyl Titanium Triisostearate, Isostearic Acid, Kaolin, Methyl Methacrylate Crosspolymer, Microcrystalline Wax, Phenoxyethanol, Polyethylene, Polyhydroxystearic Acid, Polymethyl Methacrylate, Propylene Carbonate, Stearalkonium Hectorite, Tocopherol.",1,1,1,1,0,pores_no_more_multi_performance_stick,dr._brandt_skincare,sun_protect,dr._brandt_skincare_pores_no_more_multi_performance_stick,,,,,,,,,,"Aluminum Hydroxide;Butyloctyl Salicylate;C12-15 Alkyl Benzoate;Caprylyl Methicone;Copernicia Cerifera (Carnauba) Wax;Dimethicone;Ethylhexylglycerin;Hydrogenated Polydecene;Iron Oxides;Isononyl Isononanoate;Isopropyl Myristate;Isopropyl Titanium Triisostearate;Isostearic Acid;Kaolin;Methyl Methacrylate Crosspolymer;Microcrystalline Wax;Phenoxyethanol;Polyethylene;Polyhydroxystearic Acid;Polymethyl Methacrylate;Propylene Carbonate;Stearalkonium Hectorite;Tocopherol,",0.0,98.0,6429.0,3.6327,0.5,,70.0,3.71,1.52,sun protect,nan
Sun protect,CLARINS,Sunscreen Cream High Protection SPF 30,36,3.8,"Octocrylene 9%, Octinoxate 7.5%, Titanium Dioxide 3.24%, Ensulizole 3%. Inactive Ingredients: Water, Cyclomethicone, Isohexadecane- Butylene Glycol, Cyclopentasiloxane -Tromethamine, VP/Eicosene Copolymer, C14-22 Alcohols, Potassium Cetyl Phosphate, Aluminum Starch Octenylsuccinate, Aloe Barbadensis Leaf Juice, Mannitol, Sodium Polyacrylate, Diphenyl Dimethicone, Fragrance, C12-20 Alkyl Glucoside, Aluminum Hydroxide, Stearic Acid, Glycerin, Tocopheryl Acetate, Disodium EDTA, Xanthan Gum, Cyclodextrin, Pisum Sativum (Pea) Extract, Cassia Alata Leaf Extract, Yeast Extract, Dextrin, Hydrolyzed Adansonia Digitata Extract, Olea Europaea (Olive) Leaf Extract, Platanus Occidentalis Bark Extract, Citric Acid, Phenoxyethanol, Potassium Sorbate, Sodium Benzoate, BHT.",0,0,0,0,0,sunscreen_cream_high_protection_spf_30,clarins,sun_protect,clarins_sunscreen_cream_high_protection_spf_30,,,,,,,,,,"Octocrylene 9%;Octinoxate 7,5%;Titanium Dioxide 3,24%;Ensulizole 3%, Inactive Ingredients: Water;Cyclomethicone;Isohexadecane- Butylene Glycol;Cyclopentasiloxane -Tromethamine;VP/Eicosene Copolymer;C14-22 Alcohols;Potassium Cetyl Phosphate;Aluminum Starch Octenylsuccinate;Aloe Barbadensis Leaf Juice;Mannitol;Sodium Polyacrylate;Diphenyl Dimethicone;Fragrance;C12-20 Alkyl Glucoside;Aluminum Hydroxide;Stearic Acid;Glycerin;Tocopheryl Acetate;Disodium EDTA;Xanthan Gum;Cyclodextrin;Pisum Sativum (Pea) Extract;Cassia Alata Leaf Extract;Yeast Extract;Dextrin;Hydrolyzed Adansonia Digitata Extract;Olea Europaea (Olive) Leaf Extract;Platanus Occidentalis Bark Extract;Citric Acid;Phenoxyethanol;Potassium Sorbate;Sodium Benzoate;BHT,",,,,,,,,,,sun protect,nan
Sun protect,MDSOLARSCIENCES,Mineral Sunscreen Stick Broad Spectrum SPF 40 UVA-UVB Sunscreen,18,4.5,"Polyethylene, Dimethicone, Butyrospermum Parkii (Shea) Butter, Petrolatum, Butyloctyl, Salicylate, C12-15 Alkyl Benzoate, Undecylcrylene Dimethicone, Neopentyl Glycol Diheptanoate, Acrylates/Ethylhexyl Acrylate/Dimethicone Methacrylate Copolymer, Behenyl Olivate, Aluminum Hydroxide, Stearic Acid, Glyceryl Isostearate, Beeswax, Polyhydroxystearic Acid, Cetyl PEG/PPG-10/1 Dimethicone, BHT, Benzylidene Dimethoxydimethylindanone, Tetrahexyldecyl Ascorbate.",1,1,1,0,1,mineral_sunscreen_stick_broad_spectrum_spf_40_uva_uvb_sunscreen,mdsolarsciences,sun_protect,mdsolarsciences_mineral_sunscreen_stick_broad_spectrum_spf_40_uva_uvb_sunscreen,,,,,,,,,,"Polyethylene;Dimethicone;Butyrospermum Parkii (Shea) Butter;Petrolatum;Butyloctyl;Salicylate;C12-15 Alkyl Benzoate;Undecylcrylene Dimethicone;Neopentyl Glycol Diheptanoate;Acrylates/Ethylhexyl Acrylate/Dimethicone Methacrylate Copolymer;Behenyl Olivate;Aluminum Hydroxide;Stearic Acid;Glyceryl Isostearate;Beeswax;Polyhydroxystearic Acid;Cetyl PEG/PPG-10/1 Dimethicone;BHT;Benzylidene Dimethoxydimethylindanone;Tetrahexyldecyl Ascorbate,",,,,,,,,,,sun protect,nan
Sun protect,CLINIQUE,Repairwear Laser Focus Line Smoothing Cream Broad Spectrum SPF 15 for Combination Oily to Oily Skin,50,3.7,"Octinoxate 7.5% , Titanium Dioxide 1.5%Water , Cetyl Ethylhexanoate , Butylene Glycol , Octyldodecyl Neopentanoate , Peg-100 Stearate , Glyceryl Stearate , Glycerin , Hydrogenated Lecithin , Polyethylene , Pentylene Glycol , Silica , Citrus Reticulata (Tangerine) Peel Extract , Saccharomyces Lysate Extract , Polygonum Cuspidatum Root Extract , Algae Extract , Triticum Vulgare (Wheat) Bran Extract , Coffea Robusta Seed Extract , Astrocaryum Murumuru Seed Butter , Padina Pavonica Thallus Extract , Betula Alba (Birch) Bark Extract , Creatine , Adenosine Phosphate , Laurdimonium Hydroxypropyl Hydrolyzed Soy Protein , Linoleic Acid , Hydrolyzed Rice Extract , Hydroxyproline , Olea Europaea (Olive) Fruit Extract , Sigesbeckia Orientalis (St. Paul'S Wort) Extract , Coleus Barbatus Extract , Acetyl Hexapeptide-8 , Sodium Dna , Caffeine , Cholesterol , Ethylhexyl Stearate , Sorbitol , Ethylhexyl Palmitate , Decarboxy Carnosine Hcl , Phytosphingosine , Propylene Glycol Dicaprate , Disodium Nadh , Caprylyl Glycol , Acrylates Copolymer , Trehalose , Sodium Rna , Cetyl Alcohol , Dipalmitoyl Hydroxyproline , Proline , Aminopropyl Ascorbyl Phosphate , Behenyl Alcohol , Methicone , Hexylene Glycol , Xanthan Gum , Sodium Hyaluronate , Potassium Hydroxide , Potassium Sulfate , Glycine , Potassium Sorbate , Aluminum Hydroxide , Lecithin , Carbomer , Disodium Edta , Phenoxyethanol",0,0,0,0,0,repairwear_laser_focus_line_smoothing_cream_broad_spectrum_spf_15_for_combination_oily_to_oily_skin,clinique,sun_protect,clinique_repairwear_laser_focus_line_smoothing_cream_broad_spectrum_spf_15_for_combination_oily_to_oily_skin,0.0,3.0,464.0,3.6667,1.7,Moisturizers,29.41,122.22,0.65,"Octinoxate 7,5%;Titanium Dioxide 1,5%Water;Cetyl Ethylhexanoate;Butylene Glycol;Octyldodecyl Neopentanoate;Peg-100 Stearate;Glyceryl Stearate;Glycerin;Hydrogenated Lecithin;Polyethylene;Pentylene Glycol;Silica;Citrus Reticulata (Tangerine) Peel Extract;Saccharomyces Lysate Extract;Polygonum Cuspidatum Root Extract;Algae Extract;Triticum Vulgare (Wheat) Bran Extract;Coffea Robusta Seed Extract;Astrocaryum Murumuru Seed Butter;Padina Pavonica Thallus Extract;Betula Alba (Birch) Bark Extract;Creatine;Adenosine Phosphate;Laurdimonium Hydroxypropyl Hydrolyzed Soy Protein;Linoleic Acid;Hydrolyzed Rice Extract;Hydroxyproline;Olea Europaea (Olive) Fruit Extract;Sigesbeckia Orientalis (St, Paul'S Wort) Extract;Coleus Barbatus Extract;Acetyl Hexapeptide-8;Sodium Dna;Caffeine;Cholesterol;Ethylhexyl Stearate;Sorbitol;Ethylhexyl Palmitate;Decarboxy Carnosine Hcl;Phytosphingosine;Propylene Glycol Dicaprate;Disodium Nadh;Caprylyl Glycol;Acrylates Copolymer;Trehalose;Sodium Rna;Cetyl Alcohol;Dipalmitoyl Hydroxyproline;Proline;Aminopropyl Ascorbyl Phosphate;Behenyl Alcohol;Methicone;Hexylene Glycol;Xanthan Gum;Sodium Hyaluronate;Potassium Hydroxide;Potassium Sulfate;Glycine;Potassium Sorbate;Aluminum Hydroxide;Lecithin;Carbomer;Disodium Edta;Phenoxyethanol",0.0,3.0,464.0,3.6667,1.7,Moisturizers,29.41,122.22,0.65,sun protect,Very Low (0 - 3k)
Sun protect,COOLA,Sport Continuous Spray SPF 30 - Tropical Coconut,36,4.8,"Alcohol, Algae Extract, Aloe Barbedensis Leaf Juice, Cucumis Sativus (Cucumber) Fruit Extract, Fragaria Vesca (Strawberry) Fruit Extract, Glycerin*, Methyl Dihydroabietate, Rubus Idaeus (Raspberry) Seed Oil*, Red Raspberry Seed Oil. *Certified Organic.",1,1,1,1,1,sport_continuous_spray_spf_30_tropical_coconut,coola,sun_protect,coola_sport_continuous_spray_spf_30_tropical_coconut,,,,,,,,,,"Alcohol;Algae Extract;Aloe Barbedensis Leaf Juice;Cucumis Sativus (Cucumber) Fruit Extract;Fragaria Vesca (Strawberry) Fruit Extract;Glycerin*;Methyl Dihydroabietate;Rubus Idaeus (Raspberry) Seed Oil*;Red Raspberry Seed Oil, *Certified Organic,",,,,,,,,,,sun protect,nan
Sun protect,MDSOLARSCIENCES,MD Crème Mineral Beauty Balm Broad Spectrum SPF 50 UVA-UVB Sunscreen,39,4.2,"Dimethicone, Dimethicone Crosspolymer, Caprylic/Capric Triglyceride, Glyceryl Isostearate, Polyhydroxystearic Acid, Dimethicone/ Vinyl Dimethicone Crosspolymer, Silica, Butyloctyl Salicylate, Po lysilicone - 15, Tetrahexyldecyl Ascorbate, PEG/PPG - 18/18 Dimethicone, Triethoxycaprylylsilane, Iron Oxide, Caffeine, Niacinamide, Ubiquinone, Tocopheryl Acetate, Squalane, Camellia Sinensis (Green Tea) Extract, Vaccinium Macrocarpon (Cranberry) Fruit Extrac t, Punica Granatum (Pomegranate) Extract.",1,1,1,1,1,md_crème_mineral_beauty_balm_broad_spectrum_spf_50_uva_uvb_sunscreen,mdsolarsciences,sun_protect,mdsolarsciences_md_crème_mineral_beauty_balm_broad_spectrum_spf_50_uva_uvb_sunscreen,,,,,,,,,,"Dimethicone;Dimethicone Crosspolymer;Caprylic/Capric Triglyceride;Glyceryl Isostearate;Polyhydroxystearic Acid;Dimethicone/ Vinyl Dimethicone Crosspolymer;Silica;Butyloctyl Salicylate;Po lysilicone - 15;Tetrahexyldecyl Ascorbate;PEG/PPG - 18/18 Dimethicone;Triethoxycaprylylsilane;Iron Oxide;Caffeine;Niacinamide;Ubiquinone;Tocopheryl Acetate;Squalane;Camellia Sinensis (Green Tea) Extract;Vaccinium Macrocarpon (Cranberry) Fruit Extrac t;Punica Granatum (Pomegranate) Extract,",,,,,,,,,,sun protect,nan
Sun protect,CANE + AUSTIN,Protect Ultra Sheer Weightless Sunscreen Broad Spectrum SPF 50+ UVA/UVB,40,4.1,"Octinoxate, Octisalate, Oxybenzone, Avobenzone, Ascorbic Acid, Ascorbyl Palmitate, Biotin, Camellia, Sinensis (Green Tea) Polyphenois, Caprylyl Glycol, Cetearyl Alcohol, Cetheth-20 Phosphate, Dicetyl Phosphate, Disodium EDTA, Emblica Officinalis Fruit, Ethylhexyl Benzoate, Ethylhexyl Methoxycrylene, Phenoxythanol, Phospholipids, Potassium Hydroxide, Purified Water, Resveratrol, Retinyl, Palmitate, Sorbic Acid, Tocopheryl Acetate, Ubiquione (Coenzyme Q-10).",0,0,0,0,0,protect_ultra_sheer_weightless_sunscreen_broad_spectrum_spf_50_uva_uvb,cane_austin,sun_protect,cane_austin_protect_ultra_sheer_weightless_sunscreen_broad_spectrum_spf_50_uva_uvb,,,,,,,,,,"Octinoxate;Octisalate;Oxybenzone;Avobenzone;Ascorbic Acid;Ascorbyl Palmitate;Biotin;Camellia;Sinensis (Green Tea) Polyphenois;Caprylyl Glycol;Cetearyl Alcohol;Cetheth-20 Phosphate;Dicetyl Phosphate;Disodium EDTA;Emblica Officinalis Fruit;Ethylhexyl Benzoate;Ethylhexyl Methoxycrylene;Phenoxythanol;Phospholipids;Potassium Hydroxide;Resveratrol;Retinyl;Palmitate;Sorbic Acid;Tocopheryl Acetate;Ubiquione (Coenzyme Q-10),",,,,,,,,,,sun protect,nan
Sun protect,SUPERGOOP!,100% Mineral Sunscreen Mist with Marigold Extract Broad Spectrum SPF 30,34,3.8,"Aloe Barbadensis Leaf Juice, Bentonite, Butyloctyl Salicylate, Calendula Officinalis Flower Extract, Caprylhydroxamic Acid, Caprylyl Glycol, Carthamus Tinctorius (Safflower) Seed Oil, Cetearyl Alcohol, Chamomilla Recutita (Matricaria) Flower Extract, Coco Glucoside, Glycerin, Helianthus Annuus (Sunflower) Seed Oil, Heptyl Undecylenate, Jojoba Esters, Melissa Officinalis Leaf Extract, Methyl Dihydroabietate, Nasturtium Officinale Flower/Leaf Extract, Spiraea Ulmaria Flower Extract, Water.",1,1,1,1,1,100_mineral_sunscreen_mist_with_marigold_extract_broad_spectrum_spf_30,supergoop!,sun_protect,supergoop!_100_mineral_sunscreen_mist_with_marigold_extract_broad_spectrum_spf_30,,,,,,,,,,"Aloe Barbadensis Leaf Juice;Bentonite;Butyloctyl Salicylate;Calendula Officinalis Flower Extract;Caprylhydroxamic Acid;Caprylyl Glycol;Carthamus Tinctorius (Safflower) Seed Oil;Cetearyl Alcohol;Chamomilla Recutita (Matricaria) Flower Extract;Coco Glucoside;Glycerin;Helianthus Annuus (Sunflower) Seed Oil;Heptyl Undecylenate;Jojoba Esters;Melissa Officinalis Leaf Extract;Methyl Dihydroabietate;Nasturtium Officinale Flower/Leaf Extract;Spiraea Ulmaria Flower Extract;Water,",,,,,,,,,,sun protect,nan
Sun protect,MOROCCANOIL,Sun Oil 15 SPF,32,4.9,"Octocrylene (7%), Octinoxate(6.993%), Avobenzone (3%), Octisalate (3%), Caprylic/Capric Triglyceride, Cocos Nucifera (Coconut) Oil, Cyclopentasiloxane, Isopropyl Myristate, Cocoglycerides, Fragrance, Argania Spinosa (Argan) Kernel Oil, Tocopheryl Acetate, Gardenia Tahitensis Flower Extract, Polybutene, Tocopherol, BHT.",1,1,1,0,0,sun_oil_15_spf,moroccanoil,sun_protect,moroccanoil_sun_oil_15_spf,,,,,,,,,,"Octocrylene (7%);Octinoxate(6,993%);Avobenzone (3%);Octisalate (3%);Caprylic/Capric Triglyceride;Cocos Nucifera (Coconut) Oil;Cyclopentasiloxane;Isopropyl Myristate;Cocoglycerides;Fragrance;Argania Spinosa (Argan) Kernel Oil;Tocopheryl Acetate;Gardenia Tahitensis Flower Extract;Polybutene;Tocopherol;BHT,",,,,,,,,,,sun protect,nan
Sun protect,CLINIQUE,Oil-Free Face Cream Broad Spectrum SPF 30,26,3.3,"Octinoxate 7.5% , Octisalate 4.5% , Titanium Dioxide 4.6% , Zinc Oxide 5.0%Water , C12-15 Alkyl Benzoate , Caprylyl Methicone , Neopentyl Glycol Diheptanoate , Sucrose , Polyglyceryl-10 Pentastearate , Pentylene Glycol , Ethylhexyl Methoxycrylene , Dimethicone , Behenyl Alcohol , Peg-100 Stearate , Hydrogenated Lecithin , Butylene Glycol , Dipentaerythrityl Tri-Polyhydroxystearate , Cucumis Sativus (Cucumber) Fruit Extract , Hordeum Vulgare (Barley) Extract/Extrait D'Orge , Sigesbeckia Orientalis (St. Paul'S Wort) Extract , Glycerin , Caffeine , Sodium Rna , Sodium Hyaluronate , Tocopheryl Acetate , Propylene Glycol Dicaprate , Isohexadecane , Helianthus Annuus (Sunflower) Seedcake , Pvp/Hexadecene Copolymer , Isostearic Acid , Sodium Stearoyl Lactylate , Polyhydroxystearic Acid , Silica , Acrylamide/Sodium Acryloyldimethyltaurate Copolymer , Xanthan Gum , Polysorbate 80 , Dimethicone Silylate , Polyethylene , Trisodium Edta , Bht , Phenoxyethanol",1,1,1,1,1,oil_free_face_cream_broad_spectrum_spf_30,clinique,sun_protect,clinique_oil_free_face_cream_broad_spectrum_spf_30,,,,,,,,,,"Octinoxate 7,5%;Octisalate 4,5%;Titanium Dioxide 4,6%;Zinc Oxide 5,0%Water;C12-15 Alkyl Benzoate;Caprylyl Methicone;Neopentyl Glycol Diheptanoate;Sucrose;Polyglyceryl-10 Pentastearate;Pentylene Glycol;Ethylhexyl Methoxycrylene;Dimethicone;Behenyl Alcohol;Peg-100 Stearate;Hydrogenated Lecithin;Butylene Glycol;Dipentaerythrityl Tri-Polyhydroxystearate;Cucumis Sativus (Cucumber) Fruit Extract;Hordeum Vulgare (Barley) Extract/Extrait D'Orge;Sigesbeckia Orientalis (St, Paul'S Wort) Extract;Glycerin;Caffeine;Sodium Rna;Sodium Hyaluronate;Tocopheryl Acetate;Propylene Glycol Dicaprate;Isohexadecane;Helianthus Annuus (Sunflower) Seedcake;Pvp/Hexadecene Copolymer;Isostearic Acid;Sodium Stearoyl Lactylate;Polyhydroxystearic Acid;Silica;Acrylamide/Sodium Acryloyldimethyltaurate Copolymer;Xanthan Gum;Polysorbate 80;Dimethicone Silylate;Polyethylene;Trisodium Edta;Bht;Phenoxyethanol",,,,,,,,,,sun protect,nan
Sun protect,PHILOSOPHY,Ultimate Miracle Worker Multi-Rejuvenating Lightweight Emulsion SPF 30,75,3.7,"Water, Butylene Glycol, C12-15 Alkyl Benzoate, Cyclopentasiloxane, Gluconolactone, Cetyl Alcohol, Hydrogenated Lecithin, Pentylene Glycol, Aluminum Starch Octenylsuccinate, Cyclohexasiloxane, Polyacrylamide, Bifida Ferment Lysate, Phenoxyethanol, Polysorbate 80, Bisabolol, C13-14 Isoparaffin, Sodium Benzoate, Glycerin, Sodium Hydroxide, Glycine Soja (Soybean) Oil, Choleth-24, Vinyl Dimethicone/Methicone Silsesquioxane Crosspolymer, Ceteth-24, Acrylates/C10-30 Alkyl Acrylate Crosspolymer, Silica, Laureth-7, Iris Pallida Root Extract, Ruby Powder, Fragrance, Disodium Edta, Alcohol, Mica, Lecithin, Adenosine, Retinol, Peg-8, Polysorbate 20, Bht, Cellulose Gum, Chitosan, Ethylhexylglycerin, Glycolic Acid, Sorbitan Oleate, Calcium Gluconate, Tocopherol, Behentrimonium Chloride, Ascorbyl Palmitate, Potassium Phosphate, Camellia Sinensis Leaf Extract, Coffea Arabica (Coffee) Seed Extract, Pongamia Pinnata Seed Extract, Isopropyl Alcohol, Acetic Acid, Angelica Archangelica Root Extract, Citrus Aurantium Amara (Bitter Orange) Peel Extract, Maltodextrin, Citric Acid, Magnesium Aluminum Silicate, Xanthan Gum, Lactic Acid, Ascorbic Acid, Farnesol, Caprylyl Glycol, Sclerotium Gum, Bha, Sorbic Acid, Titanium Dioxide (Ci 77891).",1,1,1,1,1,ultimate_miracle_worker_multi_rejuvenating_lightweight_emulsion_spf_30,philosophy,sun_protect,philosophy_ultimate_miracle_worker_multi_rejuvenating_lightweight_emulsion_spf_30,0.0,10.0,615.0,3.7,1.5,Moisturizers,50.0,37.0,1.63,"Butylene Glycol;C12-15 Alkyl Benzoate;Cyclopentasiloxane;Gluconolactone;Cetyl Alcohol;Hydrogenated Lecithin;Pentylene Glycol;Aluminum Starch Octenylsuccinate;Cyclohexasiloxane;Polyacrylamide;Bifida Ferment Lysate;Phenoxyethanol;Polysorbate 80;Bisabolol;C13-14 Isoparaffin;Sodium Benzoate;Glycerin;Sodium Hydroxide;Glycine Soja (Soybean) Oil;Choleth-24;Vinyl Dimethicone/Methicone Silsesquioxane Crosspolymer;Ceteth-24;Acrylates/C10-30 Alkyl Acrylate Crosspolymer;Silica;Laureth-7;Iris Pallida Root Extract;Ruby Powder;Fragrance;Disodium Edta;Alcohol;Mica;Lecithin;Adenosine;Retinol;Peg-8;Polysorbate 20;Bht;Cellulose Gum;Chitosan;Ethylhexylglycerin;Glycolic Acid;Sorbitan Oleate;Calcium Gluconate;Tocopherol;Behentrimonium Chloride;Ascorbyl Palmitate;Potassium Phosphate;Camellia Sinensis Leaf Extract;Coffea Arabica (Coffee) Seed Extract;Pongamia Pinnata Seed Extract;Isopropyl Alcohol;Acetic Acid;Angelica Archangelica Root Extract;Citrus Aurantium Amara (Bitter Orange) Peel Extract;Maltodextrin;Citric Acid;Magnesium Aluminum Silicate;Xanthan Gum;Lactic Acid;Ascorbic Acid;Farnesol;Caprylyl Glycol;Sclerotium Gum;Bha;Sorbic Acid;Titanium Dioxide (Ci 77891),",0.0,10.0,615.0,3.7,1.5,Moisturizers,50.0,37.0,1.63,sun protect,Very Low (0 - 3k)
Sun protect,AMOREPACIFIC,Resort Collection Sun Protection Mist Broad Spectrum SPF 30 Sunscreen,32,3.3,"Polyethylene, Isopropyl Palmitate, Polymethylsilsesquioxane, Homosalate, Octocrylene, Phenyl Trimethicone, Squalane, Butyloctyl Salicylate, Helianthus Annuus (Sunflower) Seed Wax, Ethylhexyl Salicylate, Ricinus Communis (Castor) Seed Oil, Butyl Methoxydibenzoylmethane, Phyllostachis Bambusoides Juice, Portulaca Oleracea Extract, Prunus Mume Fruit Extract, Camellia Sinensis Seed Oil, Glyceryl Caprylate, Butylene Glycol, Alcohol, Fragrance.",1,1,1,1,1,resort_collection_sun_protection_mist_broad_spectrum_spf_30_sunscreen,amorepacific,sun_protect,amorepacific_resort_collection_sun_protection_mist_broad_spectrum_spf_30_sunscreen,,,,,,,,,,"Polyethylene;Isopropyl Palmitate;Polymethylsilsesquioxane;Homosalate;Octocrylene;Phenyl Trimethicone;Squalane;Butyloctyl Salicylate;Helianthus Annuus (Sunflower) Seed Wax;Ethylhexyl Salicylate;Ricinus Communis (Castor) Seed Oil;Butyl Methoxydibenzoylmethane;Phyllostachis Bambusoides Juice;Portulaca Oleracea Extract;Prunus Mume Fruit Extract;Camellia Sinensis Seed Oil;Glyceryl Caprylate;Butylene Glycol;Alcohol;Fragrance,",,,,,,,,,,sun protect,nan
Sun protect,BLACK UP,Primer Broad Spectrum Sunscreen SPF 25,45,4.7,"Water, Butyloctyl Salicylate, Polysilicone-11, Dimethiconol Behenate, Tribehenin Peg-20 Esters, Polymethylsilsesquioxane, Glycerin, Hdi/Trimethylol Hexyllactone Crosspolymer, Cetearyl Alcohol, Cetearyl Glucoside, Magnesium Aluminum Silicate, Dimethicone, Sodium Lauryl Glucose Carboxylate, Hydroxyacetophenone, Lauryl Glucoside, Cetearyl Isononanoate, Tocopheryl Acetate, Xanthan Gum, Caprylyl Glycol, 1,2-Hexanediol, Ceteareth-20, Bht, Disodium Edta, Glyceryl Stearate, Ethylhexylglycerin, Laureth-12, Ceteareth-12, Cetyl Palmitate, Sodium Hyaluronate, Hydrolyzed Eruca Sativa Leaf, Citric Acid, Sodium Benzoate, Potassium Sorbate, Benzyl Salicylate, Citronellol, Limonene, Alpha Isomethyl Ionone, Hexyl Cinnamal, Butylphenyl Met Hylpropional, Linalool, Fragrance.",0,0,0,0,0,primer_broad_spectrum_sunscreen_spf_25,black_up,sun_protect,black_up_primer_broad_spectrum_sunscreen_spf_25,,,,,,,,,,"Butyloctyl Salicylate;Polysilicone-11;Dimethiconol Behenate;Tribehenin Peg-20 Esters;Polymethylsilsesquioxane;Glycerin;Hdi/Trimethylol Hexyllactone Crosspolymer;Cetearyl Alcohol;Cetearyl Glucoside;Magnesium Aluminum Silicate;Dimethicone;Sodium Lauryl Glucose Carboxylate;Hydroxyacetophenone;Lauryl Glucoside;Cetearyl Isononanoate;Tocopheryl Acetate;Xanthan Gum;Caprylyl Glycol;1,2-Hexanediol;Ceteareth-20;Bht;Disodium Edta;Glyceryl Stearate;Ethylhexylglycerin;Laureth-12;Ceteareth-12;Cetyl Palmitate;Sodium Hyaluronate;Hydrolyzed Eruca Sativa Leaf;Citric Acid;Sodium Benzoate;Potassium Sorbate;Benzyl Salicylate;Citronellol;Limonene;Alpha Isomethyl Ionone;Hexyl Cinnamal;Butylphenyl Met Hylpropional;Linalool;Fragrance,",,,,,,,,,,sun protect,nan
Sun protect,COOLA,Sport Continuous Spray SPF 30 - Piña Colada,36,4.5,"Alcohol (Organic), Algae Extract (Organic), Aloe Barbadensis Leaf Juice (Organic), Cucumis Sativus (Organic Cucumber) Fruit Extract, Flavor, Fragaria Vesca (Organic Strawberry) Fruit Extract, Glycerin, Hydrogenated Methyl Abietate, Rubus Idaeus (Organic Red Raspberry) Seed Oil.",1,1,1,1,1,sport_continuous_spray_spf_30_piña_colada,coola,sun_protect,coola_sport_continuous_spray_spf_30_piña_colada,,,,,,,,,,"Alcohol (Organic);Algae Extract (Organic);Aloe Barbadensis Leaf Juice (Organic);Cucumis Sativus (Organic Cucumber) Fruit Extract;Flavor;Fragaria Vesca (Organic Strawberry) Fruit Extract;Glycerin;Hydrogenated Methyl Abietate;Rubus Idaeus (Organic Red Raspberry) Seed Oil,",,,,,,,,,,sun protect,nan
Sun protect,MOROCCANOIL,Sun Lotion 50 SPF,32,3.9,"Water, Cyclopentasiloxane, Glycerin, Polyester-7, Neopentyl Glycol Diheptanoate, Lauryl Glucoside, Polyglyceryl-2 Dipolyhydroxystearate, Fragrance, Argania Spinosa (Argan) Kernel Oil, Cocos Nucifera (Coconut) Oil, Tocopheryl Acetate, Trilinolein, Triolein, Tripalmitin, Trilinolenin, Gardenia Tahitensis Flower Extract, Tristearin, Triarachidin, Tocopherol, C50-45 Alkyl Cetearyl Dimethicone Crosspolymer, Ammonium Acryloyldimethyltaurate/VP Copolymer, Polybutene, Xanthan Gum, Bht, Citric Acid, Potassium Sorbate, Methylisothiazolinone.",1,1,1,1,0,sun_lotion_50_spf,moroccanoil,sun_protect,moroccanoil_sun_lotion_50_spf,,,,,,,,,,"Cyclopentasiloxane;Glycerin;Polyester-7;Neopentyl Glycol Diheptanoate;Lauryl Glucoside;Polyglyceryl-2 Dipolyhydroxystearate;Fragrance;Argania Spinosa (Argan) Kernel Oil;Cocos Nucifera (Coconut) Oil;Tocopheryl Acetate;Trilinolein;Triolein;Tripalmitin;Trilinolenin;Gardenia Tahitensis Flower Extract;Tristearin;Triarachidin;Tocopherol;C50-45 Alkyl Cetearyl Dimethicone Crosspolymer;Ammonium Acryloyldimethyltaurate/VP Copolymer;Polybutene;Xanthan Gum;Bht;Citric Acid;Potassium Sorbate;Methylisothiazolinone,",,,,,,,,,,sun protect,nan
Sun protect,CLINIQUE,Virtu-oil Body Mist Broad Spectrum SPF 30,34,4.3,"Avobenzone 3.0% , Homosalate 10.0% , Octisalate 4.5%Alcohol Denat. , Octyldodecyl Neopentanoate , Butyloctyl Salicylate , Polyester-8 , Acrylates/Octylacrylamide Copolymer , Ethylhexyl Methoxycrylene , Dimethicone , Trimethylsiloxysilicate , Tocopheryl Acetate , Ethylcellulose",0,0,0,0,0,virtu_oil_body_mist_broad_spectrum_spf_30,clinique,sun_protect,clinique_virtu_oil_body_mist_broad_spectrum_spf_30,,,,,,,,,,"Avobenzone 3,0%;Homosalate 10,0%;Octisalate 4,5%Alcohol Denat,;Octyldodecyl Neopentanoate;Butyloctyl Salicylate;Polyester-8;Acrylates/Octylacrylamide Copolymer;Ethylhexyl Methoxycrylene;Dimethicone;Trimethylsiloxysilicate;Tocopheryl Acetate;Ethylcellulose",,,,,,,,,,sun protect,nan
Sun protect,MOROCCANOIL,Sun Lotion 30 SPF,32,4.4,"Homosalate (12%), Oxybenzone (6%), Octisalate (5%), Avobenzone(3%), Octocrylene (2.5%), Water, Cyclopentasiloxane, Glycerin, Polyester-7, Neopentyl Glycol Diheptanoate, Lauryl Glucoside, Polyglyceryl-2 Dipolyhydroxystearate, Fragrance, Argania Spinosa (Argan) Kernel Oil, Cocos Nucifera (Coconut) Oil, Tocopheryl Acetate, Trilinolein, Triolein, Tripalmitin, Trilinolenin, Gardenia Tahitensis Flower Extract, Tristearin, Triarachidin, Tocopherol, C50-45 Alkyl Cetearyl Dimethicone Crosspolymer, Ammonium Acryloyldimethyltaurate/VP Copolymer, Polybutene, Xanthan Gum, Bht, Citric Acid, Potassium Sorbate, Methylisothiazolinone.",1,1,1,1,0,sun_lotion_30_spf,moroccanoil,sun_protect,moroccanoil_sun_lotion_30_spf,,,,,,,,,,"Homosalate (12%);Oxybenzone (6%);Octisalate (5%);Avobenzone(3%);Octocrylene (2,5%);Cyclopentasiloxane;Glycerin;Polyester-7;Neopentyl Glycol Diheptanoate;Lauryl Glucoside;Polyglyceryl-2 Dipolyhydroxystearate;Fragrance;Argania Spinosa (Argan) Kernel Oil;Cocos Nucifera (Coconut) Oil;Tocopheryl Acetate;Trilinolein;Triolein;Tripalmitin;Trilinolenin;Gardenia Tahitensis Flower Extract;Tristearin;Triarachidin;Tocopherol;C50-45 Alkyl Cetearyl Dimethicone Crosspolymer;Ammonium Acryloyldimethyltaurate/VP Copolymer;Polybutene;Xanthan Gum;Bht;Citric Acid;Potassium Sorbate;Methylisothiazolinone,",,,,,,,,,,sun protect,nan
Sun protect,SHISEIDO,Future Solution LX Total Protective Emulsion Broad Spectrum SPF 20 Sunscreen,260,3.0,"Dipropylene Glycol, Sd Alcohol 40-B, Glycerin, Hydrogenated Polydecene, Xylitol, Isododecane, Dimethicone, Peg-5 Glyceryl Stearate, Isostearic Acid, Silica, Phenyl Trimethicone, Triethanolamine, Xanthan Gum, Tocopheryl Acetate, Peg/Ppg-17/4 Dimethyl Ether, Piperidinepropionic Acid, Phytosteryl Macadamiate, 2-O-Ethyl Ascorbic Acid, Prunus Speciosa Leaf Extract, Angelica Acutiloba Root Extract, Isodonis Japonicus Leaf/Stalk Extract, Camellia Sinensis Leaf Extract, Zanthoxylum Piperitum Peel Extract, Ppg-17, Glyceryl Stearate Se, Behenyl Alcohol, Behenic Acid, Stearic Acid, Batyl Alcohol, Peg-30 Phytosterol, Butylene Glycol, Carbomer, Disodium Edta, Alcohol, Bht, Cellulose Gum, Sodium Metaphosphate, Talc, Dextrin Palmitate, Tocopherol, Ethylparaben, Methylparaben, Fragrance, Iron Oxides.",1,1,1,1,1,future_solution_lx_total_protective_emulsion_broad_spectrum_spf_20_sunscreen,shiseido,sun_protect,shiseido_future_solution_lx_total_protective_emulsion_broad_spectrum_spf_20_sunscreen,,,,,,,,,,"Dipropylene Glycol;Sd Alcohol 40-B;Glycerin;Hydrogenated Polydecene;Xylitol;Isododecane;Dimethicone;Peg-5 Glyceryl Stearate;Isostearic Acid;Silica;Phenyl Trimethicone;Triethanolamine;Xanthan Gum;Tocopheryl Acetate;Peg/Ppg-17/4 Dimethyl Ether;Piperidinepropionic Acid;Phytosteryl Macadamiate;2-O-Ethyl Ascorbic Acid;Prunus Speciosa Leaf Extract;Angelica Acutiloba Root Extract;Isodonis Japonicus Leaf/Stalk Extract;Camellia Sinensis Leaf Extract;Zanthoxylum Piperitum Peel Extract;Ppg-17;Glyceryl Stearate Se;Behenyl Alcohol;Behenic Acid;Stearic Acid;Batyl Alcohol;Peg-30 Phytosterol;Butylene Glycol;Carbomer;Disodium Edta;Alcohol;Bht;Cellulose Gum;Sodium Metaphosphate;Talc;Dextrin Palmitate;Tocopherol;Ethylparaben;Methylparaben;Fragrance;Iron Oxides,",,,,,,,,,,sun protect,nan
Sun protect,COOLA,Mineral Sport Sunscreen Stick SPF 50,26,3.1,*Certified Organic,1,1,1,1,1,mineral_sport_sunscreen_stick_spf_50,coola,sun_protect,coola_mineral_sport_sunscreen_stick_spf_50,,,,,,,,,,*Certified Organic,,,,,,,,,,sun protect,nan
Sun protect,CANE + AUSTIN,Prime & Protect Mattifying Primer with Broad Spectrum SPF 50,56,4.2,"Ascorbic Acid, Biotin, Camellia Sinensis (Green Tea) Polyphenols, Centella Asiatica Extract, Ceramide 2, Cetyl PEG/PPG 10/1 Dimethicone, Cyclomethicone, Dimethicone Crosspolymer, Emblica Officinalis Fruit Extract, Glyceryl Isostearate, Iron Oxides, Lauryl PEG/PPG-18/18 Methicone, Leuconostoc/Radish Root Ferment Filtrate, Methyl Trimethicone, Neopentyl Glycol Diheptanoate, PEG-8 Methyl Triethoxysilane, Phospholipids, Polyhydroxystearic Acid, Purified Water, Resveratrol, Silica, Silica Dimethyl Silylate, Titanium Dioxide, Tocopheryl Acetate, Ubiquinone (Coenzyme Q-10).",1,1,1,1,1,prime_protect_mattifying_primer_with_broad_spectrum_spf_50,cane_austin,sun_protect,cane_austin_prime_protect_mattifying_primer_with_broad_spectrum_spf_50,,,,,,,,,,"Ascorbic Acid;Biotin;Camellia Sinensis (Green Tea) Polyphenols;Centella Asiatica Extract;Ceramide 2;Cetyl PEG/PPG 10/1 Dimethicone;Cyclomethicone;Dimethicone Crosspolymer;Emblica Officinalis Fruit Extract;Glyceryl Isostearate;Iron Oxides;Lauryl PEG/PPG-18/18 Methicone;Leuconostoc/Radish Root Ferment Filtrate;Methyl Trimethicone;Neopentyl Glycol Diheptanoate;PEG-8 Methyl Triethoxysilane;Phospholipids;Polyhydroxystearic Acid;Resveratrol;Silica;Silica Dimethyl Silylate;Titanium Dioxide;Tocopheryl Acetate;Ubiquinone (Coenzyme Q-10),",,,,,,,,,,sun protect,nan
Sun protect,MDSOLARSCIENCES,Quick Dry Body Spray With SolSci-X™ Broad Spectrum SPF 40 UVA-UVB Sunscreen,20,3.9,"SD Alcohol 40, Butyloctyl Salicylate, Polyester-8, Caprylyl Methicone, Diisopropyl Adipate, Acrylates/Octylacrylamide Copolymer, EDTA, Phytic Acid, Phyllanthus Emblica Fruit Extract, Tetrahexlydecyl Ascorbate, Trisodium Ethylenediamine Disuccinate.",1,1,1,1,1,quick_dry_body_spray_with_solsci_x_broad_spectrum_spf_40_uva_uvb_sunscreen,mdsolarsciences,sun_protect,mdsolarsciences_quick_dry_body_spray_with_solsci_x_broad_spectrum_spf_40_uva_uvb_sunscreen,,,,,,,,,,"SD Alcohol 40;Butyloctyl Salicylate;Polyester-8;Caprylyl Methicone;Diisopropyl Adipate;Acrylates/Octylacrylamide Copolymer;EDTA;Phytic Acid;Phyllanthus Emblica Fruit Extract;Tetrahexlydecyl Ascorbate;Trisodium Ethylenediamine Disuccinate,",,,,,,,,,,sun protect,nan
Sun protect,COOLA,Sport Continuous Spray SPF 30 - Unscented,32,5.0,"Alcohol (Organic), Algae Extract (Organic), Aloe Barbadensis Leaf Juice, Cucumis Sativus (Organic Cucumber) Fruit Extract, Dicaprylyl Carbonate, Fragaria Vesca (Organic Strawberry) Fruit Extract, Glycerin (Organic), Heptyl Undecylenate, Hydrogenated Methyl Abietate, Linum Usitatissimum (Organic Linseed) Seed Oil, Rubus Idaeus (Organic Red Raspberry) Seed Oil.",1,1,1,1,1,sport_continuous_spray_spf_30_unscented,coola,sun_protect,coola_sport_continuous_spray_spf_30_unscented,,,,,,,,,,"Alcohol (Organic);Algae Extract (Organic);Aloe Barbadensis Leaf Juice;Cucumis Sativus (Organic Cucumber) Fruit Extract;Dicaprylyl Carbonate;Fragaria Vesca (Organic Strawberry) Fruit Extract;Glycerin (Organic);Heptyl Undecylenate;Hydrogenated Methyl Abietate;Linum Usitatissimum (Organic Linseed) Seed Oil;Rubus Idaeus (Organic Red Raspberry) Seed Oil,",,,,,,,,,,sun protect,nan
Sun protect,MOROCCANOIL,After-Sun Milk Soothing Body Lotion,28,4.7,"Water, Caprylic/Caprlc Triglyceride, Glycerin, Cyclopentasiloxane, Cetearyl Alcohol, Dicaprylyl Carbonate, Sorbitol, Peg-8, Cocos Nucifera (Coconut) Oil, Argania Spinosa (Argan) Kernel Oil, Tocopherol, Tocopheryl Acetate, Aloe Barbadensis Leaf Juice Powder, Passiflora Incarnata Seed Oil, Gardenia Tahitensis Flower Extract, Microcrystalline Cellulose, Tyrosine, Ornithine Hcl, Arginine Hcl, Cellulose Gum, Fragrance, Menthyl Lactate, Inulin Lauryl Carbamate, Caprylyl Glycol, Sodium Polyacrylate, Sodium Bicarbonate, Ethylhexylglycerin, C30-45 Alkyl Cetearyl Dimethicone Crosspolymer, Silica, Triethanolamine, Phenoxyethanol.",1,1,1,1,0,after_sun_milk_soothing_body_lotion,moroccanoil,sun_protect,moroccanoil_after_sun_milk_soothing_body_lotion,,,,,,,,,,"Caprylic/Caprlc Triglyceride;Glycerin;Cyclopentasiloxane;Cetearyl Alcohol;Dicaprylyl Carbonate;Sorbitol;Peg-8;Cocos Nucifera (Coconut) Oil;Argania Spinosa (Argan) Kernel Oil;Tocopherol;Tocopheryl Acetate;Aloe Barbadensis Leaf Juice Powder;Passiflora Incarnata Seed Oil;Gardenia Tahitensis Flower Extract;Microcrystalline Cellulose;Tyrosine;Ornithine Hcl;Arginine Hcl;Cellulose Gum;Fragrance;Menthyl Lactate;Inulin Lauryl Carbamate;Caprylyl Glycol;Sodium Polyacrylate;Sodium Bicarbonate;Ethylhexylglycerin;C30-45 Alkyl Cetearyl Dimethicone Crosspolymer;Silica;Triethanolamine;Phenoxyethanol,",,,,,,,,,,sun protect,nan
Sun protect,SUPERGOOP!,Perfect Day 2-in-1 Everywear Lotion Broad Spectrum SPF 50 + Mint Condition Lip Shield SPF 30,19,4.8,"-Homosalate 10%, Octinoxate 7.5%, Octisalate 5%, and Avobenzone 3% Deliver broad-spectrum sun protection.",1,1,1,1,0,perfect_day_2_in_1_everywear_lotion_broad_spectrum_spf_50_mint_condition_lip_shield_spf_30,supergoop!,sun_protect,supergoop!_perfect_day_2_in_1_everywear_lotion_broad_spectrum_spf_50_mint_condition_lip_shield_spf_30,,,,,,,,,,"-Homosalate 10%;Octinoxate 7,5%;Octisalate 5%;and Avobenzone 3% Deliver broad-spectrum sun protection,",,,,,,,,,,sun protect,nan
Sun protect,PETER THOMAS ROTH,Oily Problem Skin Instant Mineral Powder SPF 30,30,3.7,"Titanium Dioxide 13.65%, Zinc Oxide 14.70%, Illite, Silica, Barium Sulfate, Tapioca Starch, Aluminum Starch Octenylsuccinate, Aluminum Hydroxide, Stearic Acid, Salicylic Acid, Salix Alba (Willow) Bark Extract, Retinyl Palmitate (Vitamin A), Ascorbyl Palmitate (Vitamin C), Tocopheryl Acetate (Vitamin E), Dimethicone/Vinyl Dimethicone Crosspolymer, Magnesium Myristate, Kaolin, Maltodextrin, Triethoxycaprylylsilane, Water, Butylene Glycol, Chlorphenesin, Potassium Sorbate, Tetrasodium EDTA. MayContain: Mica, Bismuth Oxychloride, Iron Oxides, Manganese Violet, Chromium Oxide Greens, Chromium Hydroxide Green, Ferric Ferrocyanide, Aluminum Powder, Carmine.",0,0,0,0,0,oily_problem_skin_instant_mineral_powder_spf_30,peter_thomas_roth,sun_protect,peter_thomas_roth_oily_problem_skin_instant_mineral_powder_spf_30,,,,,,,,,,"Titanium Dioxide 13,65%;Zinc Oxide 14,70%;Illite;Silica;Barium Sulfate;Tapioca Starch;Aluminum Starch Octenylsuccinate;Aluminum Hydroxide;Stearic Acid;Salicylic Acid;Salix Alba (Willow) Bark Extract;Retinyl Palmitate (Vitamin A);Ascorbyl Palmitate (Vitamin C);Tocopheryl Acetate (Vitamin E);Dimethicone/Vinyl Dimethicone Crosspolymer;Magnesium Myristate;Kaolin;Maltodextrin;Triethoxycaprylylsilane;Butylene Glycol;Chlorphenesin;Potassium Sorbate;Tetrasodium EDTA, MayContain: Mica;Bismuth Oxychloride;Iron Oxides;Manganese Violet;Chromium Oxide Greens;Chromium Hydroxide Green;Ferric Ferrocyanide;Aluminum Powder;Carmine,",,,,,,,,,,sun protect,nan
Sun protect,COOLA,Summer Duo,36,4.8,Visit the COOLA boutique,0,0,0,0,0,summer_duo,coola,sun_protect,coola_summer_duo,,,,,,,,,,Visit the COOLA boutique,,,,,,,,,,sun protect,nan
Sun protect,VITA LIBERATA,Passionflower & Argan Dry Oil Broad Spectrum SPF 50,45,4.2,"Prunus Amygdalus Dulcis (Sweet Almond) Oil*, Cyclopentasiloxane, Passiflora incarnata (Passionfruit) oil, Argania Spinosa (Argan) Oil*. *Organic.",0,0,0,0,0,passionflower_argan_dry_oil_broad_spectrum_spf_50,vita_liberata,sun_protect,vita_liberata_passionflower_argan_dry_oil_broad_spectrum_spf_50,,,,,,,,,,"Prunus Amygdalus Dulcis (Sweet Almond) Oil*;Cyclopentasiloxane;Passiflora incarnata (Passionfruit) oil;Argania Spinosa (Argan) Oil*, *Organic,",,,,,,,,,,sun protect,nan
Sun protect,IT COSMETICS,Anti-Aging Armour™ Super Smart Skin-Perfecting Beauty Fluid SPF 50+,38,4.1,"Water, Cyclopentasiloxane, Butyloctyl Salicylate, C12-15 Alkyl Benzoate, Butylene Glycol Dicaprylate/Dicaprate, Silica, Glycerin, Cyclohexasiloxane, Caprylic/Capric Triglyceride, Hydrogenated Polydecene, Polymethyl Methacrylate, Caprylyl Methicone, Peg-9 Polydimethylsiloxyethyl Dimethicone, Aluminum Hydroxide, Cetyl Peg/Ppg-10/1 Dimethicone, Stearic Acid, Polyglyceryl-4 Isostearate, Hexyl Laurate, Triethoxycaprylylsilane, Magnesium Sulfate, Caprylyl Glycol, Phenoxyethanol, Ethylhexylglycerin, Quaternium-18 Bentonite, Sorbitan Sesquioleate, Pueraria Lobata Root Extract, 1,2-Hexanediol, Disodium Edta, Butylene Glycol, Citrus Grandis (Grapefruit) Peel Oil, Vitis Vinifera (Grape) Seed Oil, Persea Gratissima (Avocado) Oil, Punica Granatum Seed Oil, Cholesterol, Niacinamide, Hydrolyzed Hyaluronic Acid, Colloidal Oatmeal, Anthemis Nobilis Flower Water, Lactobacillus/Honeysuckle Flower/Licorice Root/Morus Alba Root/Pueraria Lobata Root/Schizandra Chinensis Fruit/Scutellaria Baicalensis Root/Sophora Japonica Flower Extract Ferment Filtrate, Perfluorohexane, Olea Europaea (Olive) Leaf Extract, Aloe Barbadensis Leaf Extract, Camellia Sinensis Leaf Extract, Chrysanthemum Indicum Flower Extract, Magnolia Kobus Bark Extract, Glycine Soja (Soybean) Sprout Extract, Cinnamomum Cassia Bark Extract, Artemisia Princeps Leaf Extract, Diospyros Kaki Leaf Extract, Morus Alba Fruit Extract, Perfluorodecalin, Pentafluoropropane, Curcuma Longa (Turmeric) Root Extract, Steareth-20, Hydrolyzed Silk, Citric Acid, Potassium Sorbate, Sodium Benzoate, N-Hydroxysuccinimide, Hydrolyzed Collagen, Caprylhydroxamic Acid, Carnitine Hcl, Folic Acid, Niacin, Ascorbic Acid, Biotin, Thiamine Hcl, Retinyl Palmitate, Riboflavin, Pantothenic Acid, Tocopherol, Chrysin, Palmitoyl Oligopeptide, Palmitoyl Tetrapeptide-7, Chlorhexidine Digluconate. [+/-: Iron Oxides (Ci 77491, Ci 77492, Ci 77499)].",1,1,1,1,1,anti_aging_armour_super_smart_skin_perfecting_beauty_fluid_spf_50,it_cosmetics,sun_protect,it_cosmetics_anti_aging_armour_super_smart_skin_perfecting_beauty_fluid_spf_50,,,,,,,,,,"Cyclopentasiloxane;Butyloctyl Salicylate;C12-15 Alkyl Benzoate;Butylene Glycol Dicaprylate/Dicaprate;Silica;Glycerin;Cyclohexasiloxane;Caprylic/Capric Triglyceride;Hydrogenated Polydecene;Polymethyl Methacrylate;Caprylyl Methicone;Peg-9 Polydimethylsiloxyethyl Dimethicone;Aluminum Hydroxide;Cetyl Peg/Ppg-10/1 Dimethicone;Stearic Acid;Polyglyceryl-4 Isostearate;Hexyl Laurate;Triethoxycaprylylsilane;Magnesium Sulfate;Caprylyl Glycol;Phenoxyethanol;Ethylhexylglycerin;Quaternium-18 Bentonite;Sorbitan Sesquioleate;Pueraria Lobata Root Extract;1,2-Hexanediol;Disodium Edta;Butylene Glycol;Citrus Grandis (Grapefruit) Peel Oil;Vitis Vinifera (Grape) Seed Oil;Persea Gratissima (Avocado) Oil;Punica Granatum Seed Oil;Cholesterol;Niacinamide;Hydrolyzed Hyaluronic Acid;Colloidal Oatmeal;Anthemis Nobilis Flower Water;Lactobacillus/Honeysuckle Flower/Licorice Root/Morus Alba Root/Pueraria Lobata Root/Schizandra Chinensis Fruit/Scutellaria Baicalensis Root/Sophora Japonica Flower Extract Ferment Filtrate;Perfluorohexane;Olea Europaea (Olive) Leaf Extract;Aloe Barbadensis Leaf Extract;Camellia Sinensis Leaf Extract;Chrysanthemum Indicum Flower Extract;Magnolia Kobus Bark Extract;Glycine Soja (Soybean) Sprout Extract;Cinnamomum Cassia Bark Extract;Artemisia Princeps Leaf Extract;Diospyros Kaki Leaf Extract;Morus Alba Fruit Extract;Perfluorodecalin;Pentafluoropropane;Curcuma Longa (Turmeric) Root Extract;Steareth-20;Hydrolyzed Silk;Citric Acid;Potassium Sorbate;Sodium Benzoate;N-Hydroxysuccinimide;Hydrolyzed Collagen;Caprylhydroxamic Acid;Carnitine Hcl;Folic Acid;Niacin;Ascorbic Acid;Biotin;Thiamine Hcl;Retinyl Palmitate;Riboflavin;Pantothenic Acid;Tocopherol;Chrysin;Palmitoyl Oligopeptide;Palmitoyl Tetrapeptide-7;Chlorhexidine Digluconate, [+/-: Iron Oxides (Ci 77491;Ci 77492;Ci 77499)],",0.0,120.0,11229.0,4.05,1.0,,38.0,3.37,1.07,sun protect,nan
Sun protect,URBAN DECAY,Naked Skin Bronzing Beauty Balm Broad Spectrum SPF 20,34,4.1,"-Pepha® (derived from watermelon extract): Protects skin cells against daily stress. - Vitasource™ and dGlyage®: Firm the appearance of skin, support elasticity, and fight wrinkles. -Light-diffusing Spheres: Provide a professionally retouched look.",0,0,0,0,0,naked_skin_bronzing_beauty_balm_broad_spectrum_spf_20,urban_decay,sun_protect,urban_decay_naked_skin_bronzing_beauty_balm_broad_spectrum_spf_20,0.0,36.0,4663.0,4.0833,1.18,Moisturizers,28.81,11.34,0.77,"-Pepha® (derived from watermelon extract): Protects skin cells against daily stress, - Vitasource™ and dGlyage®: Firm the appearance of skin;support elasticity;and fight wrinkles, -Light-diffusing Spheres: Provide a professionally retouched look,",0.0,36.0,4663.0,4.0833,1.18,Moisturizers,28.81,11.34,0.77,sun protect,Low (3k - 7k)
Sun protect,KATE SOMERVILLE,Daily Deflector™ Moisturizer Broad Spectrum SPF 50+,48,3.9,"Water, Butylene Glycol, PEG-8, Glycerin, Undecylcrylene Dimethicone, Dimethicone, Polyethylene, Silica, Palmitoyl Oligopeptide, Palmitoyl Tetrapeptide-7, Tocopherol, Aloe Barbadensis Leaf Juice, Lentinus Edodes Extract, Retinyl Palmitate, Trehalose, Triacetin, Tocopheryl Acetate, Sodium Hyaluronate, Methyl Glucose Sesquistearate, Acrylates/C10-30 Alkyl Acrylate Crosspolymer, Bentonite, Ethylhexylglycerin, Sodium Lignosulfonate, Sodium Polyacrylate, Sodium PCA, Urea, Carbomer, Sodium Ascorbyl Phosphate, Sodium Lactate, Polysorbate 20, Sodium Carboxyethylsilanetriol, Titanium Dioxide (CI 77891), Kaolin, Polyquaternium-51, Pentylene Glycol, Aminomethyl Propanol, Disodium EDTA, Benzoic Acid, Potassium Sorbate, Phenoxyethanol, Chlorphenesin.",0,0,0,0,0,daily_deflector_moisturizer_broad_spectrum_spf_50,kate_somerville,sun_protect,kate_somerville_daily_deflector_moisturizer_broad_spectrum_spf_50,,,,,,,,,,"Butylene Glycol;PEG-8;Glycerin;Undecylcrylene Dimethicone;Dimethicone;Polyethylene;Silica;Palmitoyl Oligopeptide;Palmitoyl Tetrapeptide-7;Tocopherol;Aloe Barbadensis Leaf Juice;Lentinus Edodes Extract;Retinyl Palmitate;Trehalose;Triacetin;Tocopheryl Acetate;Sodium Hyaluronate;Methyl Glucose Sesquistearate;Acrylates/C10-30 Alkyl Acrylate Crosspolymer;Bentonite;Ethylhexylglycerin;Sodium Lignosulfonate;Sodium Polyacrylate;Sodium PCA;Urea;Carbomer;Sodium Ascorbyl Phosphate;Sodium Lactate;Polysorbate 20;Sodium Carboxyethylsilanetriol;Titanium Dioxide (CI 77891);Kaolin;Polyquaternium-51;Pentylene Glycol;Aminomethyl Propanol;Disodium EDTA;Benzoic Acid;Potassium Sorbate;Phenoxyethanol;Chlorphenesin,",0.0,9.0,1260.0,4.2222,2.0,Moisturizers,14.0,46.91,0.71,sun protect,nan
Sun protect,KORRES,Yoghurt Nourishing Fluid Veil Face Sunscreen Broad Spectrum SPF 30,35,3.9,"Water, Alcohol Denat., Potassium Cetyl Phosphate, Glycerin, Caprylyl Glycol, Distarch Phosphate, Fragrance, Silica, Glyceryl Oleate Citrate, Phenoxyethanol, Tocopheryl Acetate, Triheptanoin, Panthenol, Caprylic/Capric Triglyceride, Physalis Angulata Extract, Polyacrylate Crosspolymer-6, Ozonized Oryza Sativa (Rice) Callus Culture Extract, Glyceryl Caprylate, Lecithin, Phenylpropanol, Simmondsia Chinensis (Jojoba) Seed Oil, Yogurt Powder, Tetrasodium Glutamate Diacetate, Ascorbyl Palmitate, Tocopherol, Helianthus Annuus (Sunflower) Seed Oil.",1,1,1,1,1,yoghurt_nourishing_fluid_veil_face_sunscreen_broad_spectrum_spf_30,korres,sun_protect,korres_yoghurt_nourishing_fluid_veil_face_sunscreen_broad_spectrum_spf_30,,,,,,,,,,"Alcohol Denat,;Potassium Cetyl Phosphate;Glycerin;Caprylyl Glycol;Distarch Phosphate;Fragrance;Silica;Glyceryl Oleate Citrate;Phenoxyethanol;Tocopheryl Acetate;Triheptanoin;Panthenol;Caprylic/Capric Triglyceride;Physalis Angulata Extract;Polyacrylate Crosspolymer-6;Ozonized Oryza Sativa (Rice) Callus Culture Extract;Glyceryl Caprylate;Lecithin;Phenylpropanol;Simmondsia Chinensis (Jojoba) Seed Oil;Yogurt Powder;Tetrasodium Glutamate Diacetate;Ascorbyl Palmitate;Tocopherol;Helianthus Annuus (Sunflower) Seed Oil,",,,,,,,,,,sun protect,nan
Sun protect,KATE SOMERVILLE,Daily Deflector™ Waterlight Broad Spectrum SPF 50+ PA+++ Anti-Aging Sunscreen,48,3.6,"Water, Isododecane, Dimethicone, Butyloctyl Salicylate, C12-15 Alkyl Benzoate, Coco-Caprylate/Caprate, Glycerin, Caprylyl Methicone, Dicaprylyl Ether, Nylon-6/12, Dicaprylyl Carbonate, Butylene Glycol, Cetyl PEG/PPG-10/1 Dimethicone, Coconut Alkanes, Methylcellulose, Stearic Acid , Polyhydroxystearic Acid, Sodium Hyaluronate, Tocopheryl Acetate, Adenosine, Lentinus Edodes Extract, Trehalose, Triacetin, Tocopherol, Palmitoyl Oligopeptide, Palmitoyl Tetrapeptide-7, Urea, Sodium PCA, Parfum (Fragrance), Ethylhexylglycerin, Polysorbate 20, Polyquaternium-51, Carbomer, Pentylene Glycol, Sodium Lactate, Disodium EDTA, Benzoic Acid, Potassium Sorbate, Phenoxyethanol, Alumina",0,0,0,0,0,daily_deflector_waterlight_broad_spectrum_spf_50_pa_anti_aging_sunscreen,kate_somerville,sun_protect,kate_somerville_daily_deflector_waterlight_broad_spectrum_spf_50_pa_anti_aging_sunscreen,,,,,,,,,,Isododecane;Dimethicone;Butyloctyl Salicylate;C12-15 Alkyl Benzoate;Coco-Caprylate/Caprate;Glycerin;Caprylyl Methicone;Dicaprylyl Ether;Nylon-6/12;Dicaprylyl Carbonate;Butylene Glycol;Cetyl PEG/PPG-10/1 Dimethicone;Coconut Alkanes;Methylcellulose;Stearic Acid;Polyhydroxystearic Acid;Sodium Hyaluronate;Tocopheryl Acetate;Adenosine;Lentinus Edodes Extract;Trehalose;Triacetin;Tocopherol;Palmitoyl Oligopeptide;Palmitoyl Tetrapeptide-7;Urea;Sodium PCA;Parfum (Fragrance);Ethylhexylglycerin;Polysorbate 20;Polyquaternium-51;Carbomer;Pentylene Glycol;Sodium Lactate;Disodium EDTA;Benzoic Acid;Potassium Sorbate;Phenoxyethanol;Alumina,0.0,71.0,3108.0,3.5775,1.7,,28.24,5.04,2.28,sun protect,nan
Sun protect,VITA LIBERATA,Self Tan Dry Oil SPF 50,54,3.5,"Water, Dihydroxyacetone, Glycerin, Sclerocarya Birrea Seed Oil, Mica, Cymbopogon flexuosus (Lemongrass) oil, Cucumis Sativus (Cucumber) Extract, Citrus aurantium amara (Bitter orange) flower oil, Dimethyl isosorbide, Sodium Benzoate, Potassium Sorbate, Caramel, Tin oxide, CI 77491 (Iron oxides), Cocos Nucifera (Coconut) Oil, Gardenia Taitensis Flower Extract, Sorbitol, Sodium Citrate, Silica.",0,0,0,0,0,self_tan_dry_oil_spf_50,vita_liberata,sun_protect,vita_liberata_self_tan_dry_oil_spf_50,,,,,,,,,,"Dihydroxyacetone;Glycerin;Sclerocarya Birrea Seed Oil;Mica;Cymbopogon flexuosus (Lemongrass) oil;Cucumis Sativus (Cucumber) Extract;Citrus aurantium amara (Bitter orange) flower oil;Dimethyl isosorbide;Sodium Benzoate;Potassium Sorbate;Caramel;Tin oxide;CI 77491 (Iron oxides);Cocos Nucifera (Coconut) Oil;Gardenia Taitensis Flower Extract;Sorbitol;Sodium Citrate;Silica,",,,,,,,,,,sun protect,nan
Sun protect,ST. TROPEZ TANNING ESSENTIALS,Pro Light Self Tan Bronzing Mist,20,1.0,"Water, Dihydroxyacetone, Propylene Glycol, PPG-5-Ceteth-20, Glycerin, Ethoxydiglycol, Caramel, Phenoxyethanol, PEG-12 Dimethicone, Parfum (Fragrance), Sodium Metabisulfite, Tocopherol, Ethylhexylglycerin, Linalool, Alpha-isomethyl Ionone, CI 14700 (Red 4), CI 19140 (Yellow 5), CI 42090 (Blue 1).",0,0,0,0,0,pro_light_self_tan_bronzing_mist,st._tropez_tanning_essentials,sun_protect,st._tropez_tanning_essentials_pro_light_self_tan_bronzing_mist,,,,,,,,,,"Dihydroxyacetone;Propylene Glycol;PPG-5-Ceteth-20;Glycerin;Ethoxydiglycol;Caramel;Phenoxyethanol;PEG-12 Dimethicone;Parfum (Fragrance);Sodium Metabisulfite;Tocopherol;Ethylhexylglycerin;Linalool;Alpha-isomethyl Ionone;CI 14700 (Red 4);CI 19140 (Yellow 5);CI 42090 (Blue 1),",,,,,,,,,,sun protect,nan
Sun protect,DERMAFLASH,DERMAPROTECT Daily Defense Broad Spectrum SPF 50+,45,0.0,Visit the DERMAFLASH boutique,1,1,1,1,1,dermaprotect_daily_defense_broad_spectrum_spf_50,dermaflash,sun_protect,dermaflash_dermaprotect_daily_defense_broad_spectrum_spf_50,,,,,,,,,,Visit the DERMAFLASH boutique,,,,,,,,,,sun protect,nan
